2720 3994
163 263 204 326 10
502 271 639 322 rnuvrr
662 270 883 328 rnruvuuvs,

162 445 220 504 Cu.
262 442 435 522 Numquid,
448 442 535 522 prius
547 461 641 520 quam
653 442 738 518 abeo,
750 443 799 502 me
812 441 1012 520 rogaturr'r’s?
1034 444 1098 502 Mu.
1125 441 1215 502 Vale.

942 539 1033 619 [End
1050 538 1214 620 Callicles]

162 636 253 698 Nihil
268 637 317 698 est
331 637 473 715 profecto
487 635 617 698 stultius
631 655 732 714 neque
748 636 893 697 stdlidius

106 765 149 796 200
162 736 273 812 Neque
288 732 557 811 mendaciloquids
572 752 673 811 neque
688 732 832 809 argutum
849 733 948 809 magis

161 832 273 908 Neque
287 829 583 906 cdnfidentildquius
598 849 698 908 neque
713 828 864 908 peiir‘rrius

162 929 258 998 Quam
274 926 386 987 urbdni
400 926 525 987 adsidui
539 925 634 1001 ciues,
650 945 728 1003 quos
743 927 864 987 scurrds
878 932 1000 988 nocent.

162 1026 267 1102 Atque
282 1025 404 1101 egomet
418 1042 467 1082 me
482 1022 559 1083 adeo
573 1021 644 1082 ci'un
657 1022 724 1083 illis
739 1042 801 1083 una
815 1022 932 1083 ibidem
945 1023 1045 1100 trahe,

161 1121 221 1192 Qui
235 1121 361 1181 illdrum
374 1120 479 1180 uerbis
493 1119 584 1180 fdlsis
598 1120 742 1198 acceptdr
756 1119 813 1194 fui,

105 1249 148 1297 205
161 1217 222 1288 Qui
236 1216 341 1278 omnia
355 1236 387 1277 se
402 1216 553 1277 simulant
568 1215 646 1277 scire
661 1236 762 1293 neque
777 1216 945 1294 quicqudrn
959 1216 1072 1278 sciunt.

161 1315 250 1386 Quod
265 1314 397 1392 quisque
411 1313 445 1373 in
459 1313 564 1373 auimo
578 1313 674 1376 habet
688 1319 742 1373 aut
756 1312 936 1374 habiturust
949 1314 1072 1375 sciunt:

163 1411 272 1472 Sciunt
286 1411 320 1471 ld
334 1412 417 1489 quod
432 1410 466 1471 in
480 1429 585 1471 aurem
601 1411 656 1470 rex
670 1411 796 1486 reginae
810 1410 942 1470 dixerit:

163 1508 272 1568 Sciunt
287 1509 369 1585 quod
384 1508 464 1567 Iuno
477 1507 653 1568 fdbulatast
668 1506 738 1568 crim
752 1508 844 1567 Ioue:

162 1606 246 1677 Quae
260 1606 361 1682 neque
376 1605 483 1664 futura
497 1606 598 1682 neque
614 1611 696 1679 sunt,
712 1610 816 1664 tamen
832 1601 882 1663 illl
896 1604 1008 1666 sciunt.

106 1702 277 1762 210Fals6n
292 1721 332 1761 an
346 1721 421 1762 uero
435 1700 574 1777 laudent,
590 1702 718 1779 culpent
732 1702 826 1779 quem
839 1701 950 1776 uelint,

161 1799 233 1858 Non
249 1798 336 1859 fldcei
350 1798 482 1874 faciunt,
497 1797 569 1857 dum
585 1798 666 1858 illud
682 1799 764 1876 quod
779 1798 885 1858 lubedt
897 1797 1006 1858 sciant.

162 1896 278 1957 Omne‘s
293 1896 439 1956 mortales
454 1895 538 1956 ln'mc
553 1896 678 1957 aiebant
693 1894 855 1957 Cdlliclem

163 1992 332 2068 Indignum
346 1992 474 2053 ciuitdte
489 1993 547 2053 hac
562 2012 629 2053 esse
644 1999 675 2052 et
689 1992 805 2068 uiuere,
888 1999 890 2006 '

162 2089 259 2150 Bonis
275 2089 328 2167 qui
342 2089 427 2149 hunc
441 2090 674 2150 adulescentem
688 2089 855 2150 euertisset
870 2089 944 2150 suis.

106 2187 229 2262 215Egc
244 2186 281 2245 de
296 2187 402 2246 edrum
417 2187 522 2246 uerbis
536 2187 792 2263 fdmigeratorum
807 2186 944 2248 insciens

162 2282 299 2342 Precssui
313 2283 446 2342 amicum
462 2283 646 2359 cdstigatum
662 2283 833 2343 inndxium.

162 2379 251 2449 Quod
266 2379 293 2439 si
307 2380 490 2456 exquiratur
503 2379 602 2458 risque
617 2381 655 2440 ab
670 2381 769 2457 stirpe
782 2365 959 2453 aucteritas,

130 2473 132 2476 ’
162 2475 253 2536 Vnde
268 2473 421 2553 quidquid
435 2475 578 2535 auditum
593 2475 714 2536 dicant:
738 2477 800 2536 nisi
814 2476 848 2534 id
863 2477 1021 2554 appetent,

162 2571 388 2648 Famigeratori
403 2573 452 2632 res
466 2572 509 2632 sit
523 2591 594 2631 curn
608 2573 723 2632 damno
737 2573 769 2632 et
783 2572 882 2631 malo:

106 2687 150 2721 ιω
162 2669 233 2727 Ηοο
247 2668 293 2729 ita
307 2667 334 2728 si
348 2668 412 2742 fiat,
428 2667 553 2745 publico
568 2667 623 2728 fiet
637 2669 724 2728 b0n0.

162 2764 260 2824 Pauci
275 2763 339 2824 sint
354 2763 451 2823 faxim
468 2764 523 2841 qui
538 2764 638 2824 sciant
653 2765 737 2842 quod
751 2765 903 2841 nesciunt,

163 2859 435 2939 Occldsloremque
449 2860 586 2922 hdbeant
600 2861 897 2940 stultiloquentiam.

872 2958 963 3039 [Emit
977 2957 1212 3041 Mequronidec]
