2720 3994
187 259 228 323 30
528 270 665 321 rnAvrr
686 245 909 321 rrmrrvs'uuvs

129 458 174 515 690
186 445 240 504 Me
251 463 429 520 germanam
444 443 544 504 meam
561 461 697 505 sororem
711 443 745 502 in
760 442 1001 504 concubinatum
1015 443 1084 519 tibi,

188 541 221 601 Si
235 541 303 601 sine
318 542 390 601 dote
405 541 485 616 dem,
501 540 626 601 dedisse
641 541 741 616 magis
757 559 850 617 quam
867 541 900 599 in
919 540 1161 601 matrimonium.

186 637 262 708 Quis
274 656 322 698 me
336 637 495 715 inprobior
510 636 712 714 perhibeatur
726 637 820 697 e‘ssc?
863 638 953 696 Haec
967 637 1166 714 famigeratio

186 725 231 794 Tri
245 735 398 810 honestet,
413 753 462 794 mc
477 733 715 808 conlutulentet,
731 742 759 794 si
774 733 841 794 sinc
857 734 930 794 dote
945 732 1091 795 duxeris:
1177 730 1183 740 “

186 831 257 890 Tssri
271 831 313 891 sit
327 831 570 891 emolumentum
585 830 725 905 honoris,
740 830 817 889 mihi
832 831 916 907 quod
933 831 1091 892 obiecte'nt
1106 831 1173 892 siet.

187 930 245 988 Lu.
287 928 397 999 Quid?
439 929 483 988 Tc
505 927 689 987 dictatdrem
712 945 819 988 censes
841 929 918 1002 iore,
942 927 969 988 si
991 928 1046 988 abs
1074 934 1106 988 te
1134 947 1245 1004 agrum

129 1037 173 1095 ⁶9⁵
1044 1026 1244 1103 acceperim?

187 1123 243 1183 Lu.
285 1122 396 1200 Neque
409 1120 482 1182 uolo
496 1140 597 1200 neque
612 1121 738 1200 postulo
752 1141 853 1201 nequo
868 1123 989 1198 censeo,
1003 1120 1112 1182 uerrim
1128 1131 1234 1181 tamen

186 1201 219 1279 is
234 1225 282 1279 est
296 1218 394 1278 honos
409 1218 530 1278 homini
545 1218 668 1296 pudico,
684 1219 865 1279 meminisse
880 1218 1128 1279 officium-suom.

187 1317 245 1375 Lr.
289 1314 358 1376 Scio
390 1315 535 1392 equidem
570 1319 602 1375 tc
633 1314 791 1375 animatus
826 1321 863 1376 ut
898 1315 961 1392 sis;
989 1315 1089 1390 uideo,
1112 1315 1244 1390 subolet,
1297 1373 1299 1376 ,

1132 1411 1244 1472 sentio.

186 1491 225 1570 id
246 1509 313 1587 agis
335 1515 380 1586 ut,
394 1509 448 1570 ubi
469 1509 671 1570 adfinitatem
692 1509 776 1570 inter
796 1529 854 1570 nos
876 1515 1014 1571 nostram
1038 1508 1245 1569 adstrinxeris

188 1591 292 1685 aitque
314 1627 385 1667 eum
406 1626 513 1683 agrum
536 1607 660 1668 dederis
683 1625 740 1666 nec
763 1607 930 1684 quicquam
953 1606 1006 1666 hic
1031 1606 1091 1666 trlri
1120 1605 1162 1664 sit
1190 1605 1246 1682 qui

129 1733 175 1776 700
1036 1703 1134 1762 uitdm
1151 1701 1245 1778 Golas,

186 1784 330 1879 Effugias
345 1820 384 1861 ex
397 1801 473 1861 rirbe
488 1801 610 1878 inanis;
633 1801 786 1879 profugus
801 1801 937 1879 patriam
952 1800 1086 1876 deseres,

188 1899 350 1974 cognatur,
366 1899 574 1973 adfinitatem,
590 1898 705 1958 amicos
720 1899 816 1958 factis
830 1897 961 1977 nuptiis.

187 1997 260 2054 Mea
274 2014 367 2072 opera
381 1994 455 2054 hinc
470 1994 671 2073 proterritum
687 2000 719 2054 tc
734 1996 864 2072 meaque
880 1994 1015 2054 auaritia
1029 1993 1203 2055 adtument.
1308 2001 1313 2009 '

130 2137 132 2142 Α
187 2074 226 2151 id
240 2109 289 2151 mc
303 2091 540 2152 commissurum
556 2098 591 2151 ut
605 2091 709 2169 patiar
723 2092 796 2151 fieri
811 2110 850 2151 ne
865 2093 1004 2152 animum
1021 2090 1194 2152 induxeris.

190 2189 239 2249 Sr.
283 2187 591 2269 [Comicqsorwcrd]
614 2189 793 2250 Nemeum
814 2208 940 2266 possum
963 2189 1039 2265 quin
1055 2188 1245 2249 exclamem:

130 2309 175 2357 705
722 2287 816 2361 augei
839 2285 933 2361 edgei
957 2284 1124 2363 Lysiteles,
1140 2287 1245 2346 πάλινῐ

188 2382 294 2442 Facile
309 2383 445 2461 palmam
460 2383 573 2443 habes:
596 2381 649 2442 hic
663 2383 791 2457 uictust,
806 2382 885 2442 uicit
899 2387 954 2442 tua
968 2367 1135 2441 comoedia

189 2480 252 2538 Hic
266 2480 332 2555 agit
346 2480 446 2555 magis
461 2499 499 2539 ex
514 2481 700 2555 argumento
714 2483 746 2538 et
759 2479 869 2538 uersus
884 2478 1029 2538 meliores
1045 2478 1133 2537 iacit.

187 2559 293 2636 Etiam
309 2576 348 2635 ob
363 2576 532 2636 stultitiam
548 2583 635 2636 tuam
650 2581 682 2635 to
704 2621 710 2634 .
734 2620 741 2634 .
764 2620 771 2635 .
794 2575 934 2635 multab6
948 2575 1042 2634 mina

189 2673 245 2732 Im.
287 2671 369 2743 Quid
388 2671 447 2732 tibi
467 2670 681 2750 interpellatio
700 2676 756 2731 aut
779 2671 813 2730 in
835 2671 1002 2731 consilium
1023 2671 1085 2730 huc
1110 2671 1249 2732 accessio

1173 2770 1247 2827 est?

1355 2353 1356 2398 l

1353 2415 1355 2498 l

1352 2509 1354 2598 l

1351 2616 1353 2697 l

1351 2713 1352 2797 l

190 2867 239 2926 Sr.
282 2866 401 2926 Eodem
428 2872 520 2945 pacto
545 2884 607 2943 quo
627 2863 689 2924 hric
719 2864 836 2925 accessi
878 2865 1064 2925 abscessero.
1128 2864 1184 2925 Lu.
1228 2864 1246 2922 Ι
1349 2874 1351 2926 ,¹

132 2993 177 3037 710
899 2961 957 3022 hac
972 2960 1092 3022 mecrim
1108 2961 1246 3037 domum,
1348 3029 1349 3042 ἶ

190 3058 365 3140 Lysiteles3
387 3059 432 3119 ibi
447 3061 486 3120 de
500 3060 572 3120 istis
587 3059 680 3120 rebus
695 3059 787 3137 plura
800 3058 1022 3119 fabulabimur.

190 3156 249 3215 Lu.
290 3156 347 3215 Nil
376 3174 432 3232 ego
459 3156 493 3215 in
522 3156 645 3217 occulto
672 3156 762 3232 agere
785 3156 878 3216 soleo.
922 3156 1014 3215 Meus
1042 3161 1080 3215 ut
1107 3153 1248 3216 animust

1099 3252 1245 3328 eloquar:

192 3349 226 3409 Si
240 3349 319 3408 mihi
333 3355 389 3409 tua
406 3351 500 3425 soror,
515 3355 551 3409 ut
571 3368 628 3424 ego
648 3367 779 3427 aequom
799 3349 919 3423 censeo,
934 3348 981 3408 ita
998 3347 1133 3426 nuptum
1153 3348 1248 3406 datur

192 3445 265 3505 Sine
281 3445 362 3520 dote,
377 3463 477 3522 neque
496 3453 531 3504 tu
551 3445 625 3504 hinc
645 3445 808 3520 abituru’s,
823 3446 908 3522 qudd
925 3463 1028 3504 meum
1050 3445 1110 3504 erit
1131 3444 1164 3504 id
1186 3445 1248 3504 erit

1140 3545 1247 3602 tuom:
