2720 3994
149 242 168 306 6
485 251 620 302 rnsvrr
643 250 865 302 rnruvuuvs

148 425 222 486 Nisi
235 424 271 485 tir
286 444 334 485 me
350 424 493 485 mihimet
507 425 614 485 censes
630 422 786 484 dicturum
801 423 891 484 male.
947 449 951 466 ยน

148 523 231 582 Nam
247 521 275 582 si
289 521 322 581 in
336 528 368 582 te
383 527 546 598 aegrotant
561 521 643 581 artes
659 520 808 598 antiquae
821 526 895 581 tuae

151 619 224 700 [Sin
239 617 404 680 immutare
418 616 467 678 uis
482 617 644 694 ingenium
658 617 810 698 meribus]

148 716 229 797 (Aut
244 715 272 776 si
285 716 450 776 demutant
464 716 565 774 meres
580 714 738 790 ingenium
751 721 838 775 tuom

149 814 260 890 Neque
275 814 327 872 ees
342 811 488 889 antiquos
503 811 618 886 seruas,
634 817 684 872 ast
698 813 806 890 captas
820 814 942 894 nouos)

106 937 136 985 75
150 909 302 972 Omnibus
316 908 426 969 amicis
441 908 582 968 merbum
597 914 634 968 tu
649 908 783 968 incuties
798 928 934 987 grauem,

148 1008 192 1069 Vt
206 1008 238 1068 te
252 1006 359 1066 uidere
371 1005 539 1082 audireque
554 1005 674 1081 aegroti
687 1006 778 1067 sient.

176 1121 208 1164 A.
248 1102 309 1174 Qui
323 1103 356 1162 in
370 1103 507 1162 mentem
522 1102 611 1162 uenit
624 1101 683 1162 tini
697 1109 795 1162 Istaec
810 1103 896 1165 dicta
910 1104 1040 1165 dicere?

149 1202 213 1261 Mn.
256 1200 336 1272 Quia
350 1199 451 1260 omnis
465 1199 562 1258 bonos
577 1199 735 1276 bonasque
750 1201 898 1262 adcurare
913 1202 1053 1278 addecet,

151 1297 365 1377 Suspicionem
380 1302 411 1356 et
424 1295 548 1373 culpam
564 1302 599 1355 ut
613 1297 652 1355 ab
668 1315 700 1356 se
715 1297 887 1373 segregent.

150 1395 208 1456 CA.
262 1395 336 1454 Non
365 1395 470 1472 petest
500 1399 668 1470 utrumque
699 1391 782 1454 fieri.
859 1396 923 1455 Mn.
979 1397 1207 1474 Quapropter?

108 1509 138 1554 ao
984 1493 1040 1553 ur.
1070 1493 1207 1568 Rogas?

149 1589 199 1648 Ne
211 1588 374 1649 admittam
389 1587 523 1666 culpam,
539 1607 595 1664 ego
609 1589 678 1648 mee
694 1607 763 1648 sum
776 1608 905 1667 promus
919 1588 1056 1668 pectori:

151 1685 293 1764 Suspicio
308 1692 357 1746 cst
371 1685 405 1744 in
419 1686 544 1764 pectore
559 1685 662 1745 aliene
678 1685 747 1746 sita.

149 1784 233 1843 Nam
247 1781 329 1842 minc
344 1801 401 1858 ego
416 1782 443 1843 si
458 1787 490 1841 te
506 1780 704 1859 surrupuisse
720 1781 860 1860 srispicer

150 1879 221 1939 loui
235 1899 377 1938 coronam
394 1879 549 1957 decapite
565 1898 603 1938 ex
619 1879 775 1957 Capitolio

108 2003 137 2061 85
150 1977 238 2047 Quod
252 1975 284 2034 in
301 1976 456 2036 columine
471 1981 554 2036 astat
570 1975 707 2035 summo:
724 1976 750 2036 si
766 1976 799 2035 id
813 1996 876 2035 non
889 1977 1003 2038 feceris

150 2074 254 2150 Atque
269 2071 303 2132 id
317 2078 422 2132 tamen
436 2071 516 2131 mihi
530 2071 637 2132 lubeat
653 2073 849 2150 suspicerier,

150 2171 209 2242 Qui
224 2175 258 2229 tu
273 2169 306 2229 id
321 2169 484 2246 prohibere
499 2170 548 2229 me
563 2175 652 2247 potes
666 2189 705 2228 ne
718 2169 884 2246 sispiccr?

151 2267 212 2326 Sed
225 2265 307 2327 istrie
322 2266 428 2341 negoti
444 2265 535 2343 eripio
549 2266 628 2326 scire
642 2265 718 2343 quid
734 2267 802 2326 siet.
864 2278 871 2288 '

151 2365 214 2422 Mn.
258 2363 370 2423 Haben
384 2369 420 2422 tu
434 2362 566 2422 amicum
583 2369 638 2423 aut
652 2363 839 2423 familiarem
854 2365 1042 2443 quempiam,

108 2459 229 2531 90Quoi
243 2460 352 2537 pectus
368 2459 495 2537 sapiat?
557 2459 614 2519 CA.
657 2444 780 2537 Edepol
794 2460 880 2520 haud
895 2461 996 2521 dicem
1012 2461 1095 2520 dolo.
1127 2505 1129 2512 ,

152 2558 232 2617 Sunt
246 2558 322 2634 ques
338 2556 401 2616 scio
416 2575 483 2616 esse
497 2555 623 2631 amicos,
639 2562 713 2616 sunt
728 2576 806 2634 quos
822 2557 972 2635 suspicor,

152 2654 231 2713 Sunt
246 2655 376 2730 querum
391 2652 519 2728 ingenia
530 2659 624 2729 atque
639 2653 759 2713 animos
774 2672 893 2731 nequeo
907 2656 1043 2731 miscere,

151 2750 202 2809 Ad
216 2749 309 2810 amici
322 2756 443 2828 partem
459 2769 499 2810 an
514 2749 554 2810 ed
569 2749 691 2809 inimici
705 2751 895 2828 peruenant:

152 2847 213 2907 Sed
223 2845 260 2906 tri
273 2865 312 2906 ex
324 2846 432 2906 amicis
447 2847 540 2906 certis
555 2845 634 2905 mihi
650 2853 682 2906 es
697 2845 908 2907 certissumus.

108 2974 137 3022 95
152 2943 185 3003 Si
200 2942 276 3020 quid
291 2943 351 3004 sois
366 2962 416 3002 me
431 2942 544 3004 fecisse
560 2943 672 3003 inscite
686 2950 741 3003 aut
756 2942 894 3022 inprobe,

152 3041 186 3100 Si
200 3040 233 3098 id
246 3041 309 3099 nen
324 3058 372 3099 me
387 3058 522 3115 accusas,
537 3039 605 3099 trite
620 3038 687 3117 ipse
702 3040 913 3116 obiurgandus
928 3062 970 3102 es.

151 3137 216 3198 Mn.
260 3137 329 3196 Scio
341 3143 381 3209 et,
394 3136 420 3196 si
432 3136 495 3196 elia
506 3135 567 3194 huc
579 3155 673 3196 causa
683 3137 723 3195 ad
735 3143 766 3195 te
778 3137 901 3210 edocui,
910 3157 1041 3215 aequom
1054 3140 1203 3217 pestulas.

152 3234 208 3295 CA.
250 3233 406 3310 Exspecto
421 3231 525 3308 siquid
540 3231 634 3292 dicas.
697 3233 761 3292 Mn.
804 3233 1020 3293 Primumdum
1037 3236 1185 3311 emnium,

151 3329 236 3390 Male
251 3328 415 3388 dictitatur
429 3327 487 3388 tibi
501 3328 593 3404 uolgo
607 3328 639 3386 in
652 3330 853 3390 sermenibus.

98 3459 140 3492 100
153 3425 484 3503 Turpssucricupidum
499 3426 531 3484 te
547 3430 662 3485 uocant
677 3425 762 3485 ciues
776 3425 843 3501 tui3

153 3523 233 3582 Tum
248 3521 352 3580 autem
368 3525 442 3579 sunt
456 3518 521 3592 alii,
537 3519 592 3596 qui
606 3525 637 3577 te
649 3519 820 3580 uolturium
835 3530 968 3584 uocant:
