2720 3994
126 263 129 274 ’
169 261 211 324 40
508 271 644 322 runvrr
667 273 887 322 rnnrvuuvs

169 443 228 504 On.
265 443 407 504 Gillias?
453 444 508 505 Sr.
539 445 613 506 Non
628 445 684 504 est.
734 444 792 505 Cu.
826 444 1016 522 Callippus?
1062 446 1116 506 Su.
1146 447 1220 506 Non

749 548 804 602 est.
869 543 927 603 On.
970 542 1220 603 Callidemides?

170 637 224 697 Sr.
270 639 344 697 Non
365 644 423 698 est.
488 639 548 700 On.
593 637 791 700 Callinicus?
858 639 911 699 Su.
953 639 1028 698 Non
1049 645 1105 700 est.
1160 641 1221 701 Cu.

667 735 922 796 Cillimarchus‘?
965 736 1019 795 Su.
1061 735 1119 796 Nil
1134 738 1219 812 agis:

168 831 280 910 Neque
294 833 371 891 adeo
386 833 496 910 edepol
507 833 595 895 flocci
609 833 701 907 tatic,
714 834 838 910 qudndo
852 838 976 908 egomet
988 832 1118 892 memini
1131 833 1220 892 mihi.

169 929 228 989 (ln.
271 911 315 988 it
333 937 416 988 enim
432 931 524 989 multi
540 929 704 989 Lesbonici
723 928 797 989 sr'rut
813 930 880 989 hic:
904 929 967 990 nisi
986 930 1099 989 nomen
1121 930 1222 1008 patris

168 1025 272 1100 Dices,
287 1045 350 1085 nou
369 1027 542 1087 monstrire
559 1026 638 1086 istos
653 1044 779 1103 possum
797 1027 940 1086 homines
959 1045 1037 1103 quos
1052 1033 1088 1086 tu
1102 1027 1224 1107 quaeri-

113 1147 157 1191 920
1161 1129 1221 1184 tas.

169 1220 258 1290 Quod
272 1220 311 1279 ad
327 1202 503 1298 exemplum
518 1223 592 1280 est?
614 1220 793 1280 coniectura
808 1219 836 1280 si
850 1219 986 1297 reperire
1000 1222 1176 1298 possumus

170 1317 224 1376 Sr.
260 1299 312 1376 A‘d
326 1317 385 1377 hoc
399 1317 577 1394 exemplum
592 1323 649 1377 est.
691 1299 743 1376 Ᾰη
758 1317 902 1377 Chares?
944 1318 995 1376 An
1011 1317 1221 1378 Chirmides?

808 1415 866 1474 Cn.
909 1414 997 1474 Num
1011 1413 1222 1474 Chdrmides?

171 1510 224 1570 Sr.
266 1493 507 1586 Em,isticer1t.
544 1511 605 1582 Qui
618 1509 713 1572 istrim
731 1511 763 1570 di
777 1511 928 1588 perdunt!
980 1510 1038 1571 Cu.
1074 1509 1150 1570 Dixi
1165 1529 1224 1587 ego

933 1608 995 1667 iarn
1011 1606 1129 1666 dudrim
1143 1607 1221 1668 tibi:

169 1705 214 1762 Τό
230 1705 335 1781 potius
349 1705 427 1765 bene
442 1704 545 1764 dicere
560 1711 722 1782 aequomst
735 1705 856 1765 homiui
871 1705 970 1765 amieo
985 1705 1078 1781 quim
1095 1703 1183 1763 male.

170 1801 224 1860 Su.
278 1801 369 1860 Sdtin
394 1802 478 1860 inter
505 1802 593 1862 labra
620 1803 714 1878 sitque
744 1803 854 1880 dentes
886 1800 981 1861 lituit
1011 1800 1060 1859 uir
1088 1801 1224 1860 minumi

112 1917 157 1966 925
1115 1898 1223 1975 preti?

170 1994 229 2056 Cn.
271 1995 322 2054 Ne
336 1994 418 2054 male
432 1995 561 2072 loquere
578 1995 700 2056 absenti
715 1995 823 2054 amieo.
887 1995 940 2054 Su.
983 1994 1065 2065 Quid
1080 2001 1152 2069 ergo
1167 1995 1223 2055 ille

988 2090 1222 2167 ignauissumus

169 2187 252 2248 Mrlri
266 2189 437 2248 latitabat?
500 2189 559 2249 Cn.
598 2189 632 2248 Si
646 2188 848 2266 eppellesses
864 2188 1078 2267 respondisset
1091 2187 1221 2248 nomini.

170 2285 232 2346 de
245 2293 314 2367 ipse
329 2286 439 2345 ubist?
507 2286 559 2345 Su.
602 2285 661 2345 Pol
676 2284 768 2345 Illrim
785 2285 900 2363 reliqui
914 2286 954 2344 ad
969 2284 1222 2344 Rhidamantem

1013 2382 1047 2440 in
1062 2382 1221 2459 Cercopio

170 2479 228 2540 Cn.
260 2479 336 2550 Quis
354 2479 446 2539 homo
463 2485 512 2539 est
527 2499 577 2539 me
594 2479 795 2557 insipientior
809 2480 864 2556 qui
879 2479 947 2557 ipse
964 2479 1086 2555 egomet
1097 2479 1150 2538 ubi
1161 2477 1220 2538 sim

1022 2575 1221 2652 quadritem?

171 2672 232 2732 de
245 2672 291 2731 nil
307 2671 504 2733 disconducit
520 2671 595 2732 huic
609 2673 664 2733 rei.
705 2672 787 2745 Quid
808 2672 881 2734 ais?
922 2672 1005 2743 Quid
1018 2672 1077 2732 hoe
1091 2673 1175 2749 quod
1190 2673 1223 2732 te

113 2792 158 2836 930
347 2755 349 2760 Ι
1112 2787 1187 2846 rogo
1195 2771 1213 2828 .?

170 2867 252 2936 Quos
267 2865 351 2925 locos
366 2864 501 2926 adiisti?
564 2867 617 2926 Su.
659 2865 803 2926 Nimium
818 2865 994 2926 mirimodis
1008 2865 1178 2926 miribiles.

170 2963 228 3023 Cu.
271 2961 372 3022 Lribet
387 2963 504 3037 audire,
520 2962 582 3022 nisi
604 2963 813 3024 molestumst.
879 2963 933 3022 Su.
975 2963 1057 3034 Quin
1078 2962 1222 3040 discupio

1104 3058 1220 3120 dicere.

171 3141 319 3216 Omnium
344 3155 481 3233 primum
504 3155 537 3215 in
562 3157 697 3216 Pontum
722 3155 847 3217 aduecti
870 3156 910 3216 ad
932 3138 1082 3217 Arabiam
1104 3157 1221 3216 terrem

1103 3271 1220 3314 sumus.

169 3350 228 3411 Cu.
269 3332 349 3423 Eho,
368 3368 407 3408 an
430 3349 525 3408 etiem
548 3349 696 3410 Arebiist
718 3350 751 3409 in
772 3350 900 3410 Ponto?
964 3350 1017 3410 Su.
1059 3349 1135 3408 Est:
1158 3350 1222 3408 non

865 3447 922 3508 illa
935 3447 990 3507 ubi
1004 3452 1056 3506 tus
1071 3443 1221 3522 gignitur,

111 3560 155 3607 93⁵
169 3543 230 3603 de
244 3542 298 3603 ubi
313 3541 509 3620 apsinthium
524 3542 561 3601 fit
576 3561 611 3602 ac
626 3542 732 3602 cunssa
745 3543 926 3620 gallindoea.
