2720 3994
175 261 216 324 20
513 275 651 325 Pnnvm
673 275 897 329 nnmvuuvs

117 468 160 516 435
173 444 236 506 ΡΗ.
280 445 380 506 Erum
395 447 489 524 itque
505 465 626 508 seruom
642 446 820 526 plurumum
838 446 947 507 Philto
961 447 1050 510 iubet

175 540 309 617 Salue‘re,
325 543 531 604 Lesbonicum
545 550 577 603 et
593 544 770 605 Stasimum.
833 545 889 604 Lu.
918 543 962 604 Di
975 543 1068 605 duint

173 638 255 714 Tibi,
269 638 385 715 Philto,
398 659 634 718 quaequomque
649 642 747 719 optes.
792 639 874 711 Quid
888 640 953 716 agit
968 639 1086 702 filius?

172 735 232 794 ΡΗ.
276 737 361 795 Bene
371 737 439 796 uolt
453 737 521 796 tibi.
585 739 642 796 Le.
687 737 807 814 Edepol
823 736 963 798 mutuom
977 736 1097 800 mecim
1112 736 1199 802 facit.

174 831 223 892 ST.
266 833 410 910 Nequam
425 833 506 894 sslud
520 834 682 895 ucrbnmst
697 841 705 870 ‘
713 834 792 898 bene
802 834 888 908 uolt,'
900 833 962 895 nisi
974 833 1029 912 qui
1042 833 1121 894 bone
1134 833 1224 896 iacit.

115 953 161 996 440
172 929 241 1004 Ego
253 932 375 1008 quoque
390 930 463 991 uolo
477 950 546 991 esse
559 930 652 992 hber:
675 931 866 1008 nequiquam
880 929 962 994 uolo.

174 1025 238 1088 Hic
253 1027 391 1106 postulet
404 1027 490 1106 frugi
504 1028 590 1088 osse:
612 1048 711 1105 nugas
726 1028 873 1104 postulet.

171 1129 232 1188 ΡΗ.
276 1128 366 1185 Meus
381 1124 496 1200 gnatus
511 1143 560 1184 me
574 1125 615 1185 ad
629 1133 660 1184 te
674 1124 771 1199 misit,
787 1123 870 1210 inter
883 1129 915 1186 te
930 1124 1025 1202 obque
1039 1142 1096 1187 nos

171 1222 383 1283 Adfinitatem
398 1228 434 1281 ut
449 1221 647 1282 conciliarem
662 1227 694 1280 et
708 1221 849 1296 gnotiam.

171 1322 270 1380 Tuam
285 1318 352 1379 uolt
367 1337 503 1378 sororem
518 1316 630 1377 dicere
645 1337 789 1380 uxorein:
812 1317 937 1378 etmihi

114 1439 158 1487 445
173 1417 336 1477 Sententia
350 1415 490 1475 eademst
504 1416 536 1475 ot
550 1415 631 1475 uolo.
693 1416 750 1476 Lu.
796 1415 869 1476 Hau
884 1415 977 1480 nosco
991 1419 1096 1478 tuom:

171 1513 267 1574 Bonis
282 1512 346 1572 tuis
361 1512 453 1572 rebus
468 1512 553 1571 meas
568 1531 616 1573 res
631 1511 750 1572 inride's
764 1511 871 1574 malas.

171 1611 233 1670 ΡΗ.
278 1610 382 1668 Homo
397 1609 454 1685 ogo
469 1627 547 1684 sum,
562 1609 656 1670 homo
669 1616 705 1668 tu
719 1628 770 1670 es:
794 1607 840 1670 ita
854 1627 903 1670 me
918 1606 1035 1671 amabit
1049 1605 1204 1684 Iuppiter,

170 1708 282 1784 Neque
292 1707 325 1766 to
339 1705 477 1766 derisum
491 1706 625 1765 aduenio
638 1723 740 1783 neque
756 1703 883 1780 digmim
899 1710 986 1781 puto.

135 1805 284 1883 „Verum
301 1802 358 1862 hoc
370 1803 454 1879 quod
468 1801 536 1862 dixi
550 1803 637 1862 meus
651 1820 700 1862 me
714 1801 817 1864 orauit
835 1800 935 1875 filiun,

112 1933 158 1979 450
170 1901 214 1961 Vt
224 1900 308 1959 tuom
326 1917 460 1959 sororem
476 1899 634 1976 poscerem
647 1899 776 1959 uxorom
791 1897 860 1961 sibi.

170 1998 224 2055 Ls.
270 1994 411 2055 Mennim
427 2014 475 2054 me
490 2015 590 2055 rerum
607 1994 733 2055 nouisse
748 2000 910 2072 aequomst
924 1992 1074 2059 ordinem.

84 2150 89 2156 .
170 2093 247 2152 Cum
262 2094 369 2152 nostra
383 2097 490 2152 nostra
505 2093 565 2150 non
581 2099 629 2152 est
643 2110 743 2168 aequa
755 2091 869 2152 factio:

169 2188 380 2248 Adfinitatem
397 2189 485 2248 uobis
501 2188 594 2247 aliam
610 2188 760 2265 quaerite.

172 2286 220 2345 ST.
265 2286 352 2345 Satin
367 2286 429 2345 tu’s
444 2303 538 2346 sanus
553 2285 668 2344 montis
683 2291 738 2344 aut
752 2283 851 2344 animi
864 2284 922 2359 tui,

112 2407 156 2453 455
170 2382 229 2451 Qui
244 2381 455 2442 condicionem
471 2382 552 2441 hanc
566 2381 740 2459 ropudies?
782 2382 865 2441 Nam
880 2379 970 2444 illiun
986 2380 1047 2446 tibi

171 2477 386 2538 Ferentinum
400 2497 467 2539 esse
482 2477 617 2538 amicum
631 2477 796 2538 inuentum
810 2478 968 2554 intellego.

169 2576 226 2634 Lu.
268 2575 353 2635 Abin
382 2574 455 2636 hinc
483 2576 644 2636 dierecte?
707 2576 757 2638 Su.
801 2574 834 2640 si
862 2574 966 2638 hercle
991 2575 1037 2637 ire
1059 2573 1221 2652 occipiam,

1120 2676 1220 2730 notes.

169 2769 226 2828 Lu.
267 2769 340 2830 Nisi
355 2769 432 2848 quid
445 2789 495 2830 me
510 2771 597 2830 aliud
611 2769 671 2846 uis,
685 2769 803 2844 Phssto,
818 2766 966 2847 respondi
969 2759 1114 2900 tlxbll

168 2866 229 2925 ΡΗ.
274 2866 502 2942 Benigniorem,
519 2867 698 2940 Losbonice,
713 2867 745 2928 to
760 2865 839 2929 mihi

112 2976 156 3031 460
169 2963 267 3032 Quam
284 2961 366 3022 nime
381 2964 523 3041 experior
538 2964 605 3023 osse
621 2962 742 3023 confido
757 2964 841 3022 iore:

169 3059 251 3117 Nam
267 3065 298 3118 et
313 3058 409 3119 stdlte
423 3060 574 3122 facereet
588 3058 684 3121 stulte
699 3059 878 3134 fabulorier,

170 3153 354 3232 Vtrimque,
369 3155 549 3230 Lesbonico,
565 3156 596 3215 in
612 3161 715 3216 aetate
729 3155 792 3215 hai
805 3157 961 3216 bonumst.

171 3251 221 3311 Su.
263 3251 380 3312 Verum
402 3252 506 3312 horcle
528 3251 580 3311 hic
595 3251 681 3312 dicit.
744 3253 800 3312 Ln.
845 3238 978 3314 Oculum
992 3271 1050 3329 ego
1064 3252 1220 3316 ecfodiam

1150 3348 1219 3424 tibi,

170 3446 203 3506 Si
218 3446 348 3506 uerbum
363 3446 531 3506 addideris.
594 3446 644 3506 sn
687 3445 803 3508 Hercle
817 3445 872 3523 qui
887 3445 992 3510 dicom-
1004 3451 1124 3522 tamem

112 3547 156 3604 4⁶5
169 3541 251 3600 Nam
269 3541 297 3602 si
312 3541 357 3600 sic
371 3559 434 3599 non
449 3541 566 3618 licebit,
581 3541 688 3602 luscus
706 3541 822 3604 dixero.
