2720 3994
468 321 605 372 rnav‘n
626 321 849 372 rnmvnnvs
1142 307 1182 374 37

132 495 241 556 Dicam
256 495 296 555 ab
313 513 350 554 eo
366 494 492 554 homine
510 513 559 554 me
578 493 743 571 accepisse,
759 511 851 572 quem
874 494 930 570 ego
951 494 1006 570 qui
1029 493 1071 553 sit
1090 492 1183 552 homo

213 580 215 583 ¹
1079 590 1183 650 nescio

131 687 241 766 Neque
255 689 340 763 noui,
355 707 457 766 neque
470 690 566 748 natus
580 707 677 748 neone
692 688 720 748 is
734 687 833 748 fierit
847 688 881 747 id
896 687 995 748 solide
1010 687 1081 746 scio.
1196 709 1241 767 850

131 785 190 846 Gn.
235 786 293 845 Pol
325 784 505 862 hicquidem
533 784 668 861 fungino
695 793 855 862 gener-est:
891 785 993 864 capite
1022 803 1055 844 se
1082 783 1182 844 totrim

143 941 154 961 ’ᾗ
1095 881 1181 957 tegit,

132 978 276 1039 Hilurica
290 979 388 1040 facies
402 979 529 1040 uidetur
542 978 696 1040 hominis:
718 997 755 1039 eo
769 985 881 1040 ornatu
895 979 1032 1040 aduenit.

132 1075 187 1135 Sr.
231 1057 291 1135 ille
306 1075 361 1153 qui
376 1094 425 1135 me
441 1074 601 1150 conduxit,
617 1075 671 1135 ubi
686 1075 846 1150 conduxit,
862 1076 994 1136 abduxit
1009 1077 1143 1136 domum.

131 1172 216 1242 Quae
230 1171 332 1232 uoluit
347 1172 426 1232 mihi
440 1172 531 1245 dixit,
547 1172 653 1232 docuit
667 1172 699 1232 et
713 1172 977 1251 praemonstrauit
992 1173 1078 1250 prius

131 1269 197 1339 Quo
208 1268 300 1328 modo
311 1268 450 1348 quidque
461 1269 595 1346 agerem.
633 1270 727 1329 Nunc
742 1270 819 1329 adeo
833 1269 949 1348 siquid
964 1288 1021 1346 ego
1035 1270 1186 1330 addidero

1040 1367 1184 1445 amplius,
1199 1377 1242 1435 855

130 1445 179 1522 Eo
193 1463 363 1523 conductor
377 1463 490 1525 melius
504 1465 543 1524 de
558 1484 606 1524 me
621 1461 719 1540 uirgas
734 1464 959 1525 conciliauerit.

130 1543 175 1622 Vt
188 1560 244 1621 llle
258 1580 308 1620 me
321 1562 495 1635 exornauit,
511 1561 557 1621 ita
571 1581 641 1622 snm
656 1563 801 1622 ornatus:
824 1567 985 1638 argentum
1001 1561 1059 1622 hac
1074 1561 1161 1621 facit

131 1640 204 1734 ipse
219 1664 402 1718 ornamenta
416 1658 435 1718 a
449 1659 583 1734 chorago
597 1659 675 1718 haec
690 1657 824 1736 sumpsit
839 1678 895 1718 suo
910 1659 1064 1736 periculo:

131 1753 225 1814 Nirnc
239 1772 296 1830 ego
312 1753 339 1813 si
353 1762 462 1832 potero
477 1756 670 1815 ornamentis
685 1755 844 1815 hominem
858 1754 1097 1838 circumdecere,

131 1851 221 1910 Dabo
243 1869 368 1928 operam
393 1856 430 1911 ut
454 1870 596 1912 maesse
621 1851 726 1930 ipsum
751 1852 843 1930 plane
870 1851 1095 1935 sycophantam
1121 1853 1187 1913 sen·

1117 1950 1184 2010 tiat.
1199 1967 1244 2012 eoo

132 2045 192 2106 On.
234 2044 334 2116 Quam
359 2045 459 2122 magis
486 2052 601 2124 specte,
623 2045 727 2107 minus
752 2046 856 2124 placet
878 2048 922 2107 mi
946 2048 1023 2107 haec
1050 2046 1186 2106 hominis

867 2144 972 2204 facies.
1015 2143 1099 2203 Mira
1113 2147 1187 2203 sunt

131 2238 176 2298 Ni
191 2237 258 2298 illic
272 2239 396 2299 homost
411 2246 465 2299 aut
479 2240 665 2300 dormitator
679 2239 734 2301 arit
749 2248 849 2302 sector
864 2243 1016 2302 tonarius.

132 2335 216 2394 Loca
229 2335 431 2412 contemplat,
446 2336 686 2414 circumspectat
701 2339 769 2398 sese
784 2344 878 2416 atque
893 2339 978 2399 aedis
993 2337 1136 2398 miscitat.

132 2431 233 2492 Credo
247 2431 366 2509 edepol,
382 2450 444 2510 quo
458 2435 530 2493 mox
545 2434 686 2494 furatum
701 2435 818 2508 ueniat,
835 2434 1013 2513 speculatrir
1027 2434 1102 2494 loca.

133 2528 236 2605 Magis
249 2528 389 2588 lubidost
399 2531 565 2608 opseruare
577 2529 655 2607 quid
666 2537 756 2607 agat:
778 2532 809 2590 ei
819 2531 863 2590 rei
877 2533 1000 2610 operam
1013 2531 1100 2591 dabo
1199 2548 1243 2605 8⁶5

133 2625 187 2686 Su.
230 2625 300 2684 Has
319 2626 461 2700 regiones
479 2627 708 2688 demonstrauit
725 2628 806 2688 mihi
822 2629 877 2688 llle
899 2629 1067 2688 conductor
1082 2647 1184 2688 meus:

132 2721 229 2798 Apud
243 2721 316 2782 illas
331 2722 418 2784 aedis
434 2722 593 2784 sistendae
609 2724 687 2784 mihi
702 2731 776 2785 sunt
791 2725 1023 2804 sycophantiae.

133 2819 229 2878 Fores
256 2818 396 2896 pultabo.
460 2821 518 2882 Cn.
563 2820 614 2880 Ad
634 2821 758 2883 nostras
782 2821 869 2883 aedis
893 2822 1071 2900 hicquidem
1093 2822 1188 2882 habet

955 2921 1068 2980 rectam
1084 2921 1185 2980 uiam:

134 3011 250 3072 Hercle
261 3013 371 3091 opinor
386 3013 430 3072 mi
444 2991 627 3074 aduenienti
640 3013 700 3075 hac
714 3015 808 3076 noctu
822 3016 1037 3093 agitandumst
1052 3016 1185 3092 uigilias.

135 3108 189 3168 Sir.
230 3091 361 3188 riperite
382 3111 450 3186 hoc,
472 3109 602 3188 aperito.
645 3111 745 3188 Heus,
767 3113 874 3190 ecquis
896 3113 946 3173 his
968 3113 1088 3173 foribus
1110 3120 1189 3174 tute-

1005 3211 1065 3269 lam
1083 3210 1186 3285 gerit?
1201 3223 1245 3278 870

135 3303 195 3364 Cn.
240 3303 330 3379 Quid,
360 3303 553 3380 adulescens,
578 3305 731 3381 quaeris?
773 3306 855 3376 Quid
882 3306 958 3366 uis?
1001 3305 1082 3376 Quid
1107 3312 1187 3366 istas

696 3402 828 3479 pultes?
872 3403 926 3462 Su.
969 3400 1067 3476 Heus,
1084 3421 1186 3478 senex,

135 3497 255 3557 census
270 3515 363 3574 quom
378 3517 454 3572 sum,
470 3497 600 3558 iuratori
615 3497 698 3557 recte
714 3499 866 3559 rationem
882 3499 963 3559 dedi.

135 3593 343 3654 Lesbonicum
357 3593 409 3653 hic
423 3593 656 3654 adulescentem
671 3596 787 3672 quaero
800 3595 833 3654 in
848 3596 899 3655 his
915 3593 1091 3671 regionibus
