2720 3994
464 1247 468 1256 ’
507 1247 842 1334 PROLOGVS·

489 1513 654 1572 vavms.
698 1513 821 1574 lucrm

128 1648 187 1708 Lv.
232 1646 367 1724 Sequere
381 1644 439 1705 hdo
454 1662 513 1719 me,
528 1649 632 1720 gnata,
646 1648 684 1705 ui
698 1642 811 1704 mimus
825 1643 969 1722 fungaris
984 1650 1081 1708 tuom.

130 1745 180 1804 In.
225 1743 352 1820 Sequor,
368 1741 423 1802 sed
436 1742 530 1801 finem
543 1741 611 1801 fore
627 1759 720 1818 quem
734 1740 835 1801 dicam
852 1743 966 1803 nescio.

130 1842 188 1900 Lv.
231 1839 342 1900 Adest.
385 1839 444 1898 Em
458 1837 533 1898 illae
549 1845 623 1898 sunt
637 1837 747 1915 addes3
769 1838 781 1898 i
795 1838 879 1899 intro
894 1838 1048 1900 minciam.

275 1995 279 2005 ,
942 1937 1030 2018 [an
1045 1936 1181 2017 Inopia]

130 2037 235 2110 Nunc,
250 2035 289 2094 ne
303 2034 375 2112 quis
389 2035 636 2110 crustuminum,
651 2033 760 2112 paucis
775 2033 809 2094 in
822 2034 907 2095 uiam

132 2131 303 2206 Dedicam,
318 2130 346 2192 'si
361 2131 487 2208 quidem
502 2132 628 2209 dpcram
646 2131 720 2192 darc
735 2131 929 2209 promittitis.
1200 2155 1212 2204 ⁵

132 2231 226 2290 Nunc
241 2227 338 2303 igitur
351 2227 488 2306 primum
503 2213 572 2305 qud
585 2246 643 2304 ego
654 2228 716 2288 sim
730 2235 763 2288 et
777 2247 856 2306 quae
871 2228 963 2288 illaec
979 2229 1049 2304 sict,

133 2327 206 2385 Huc
221 2343 300 2402 quac
315 2323 393 2384 abiit
407 2324 502 2399 intro,
518 2323 630 2400 dicam,
646 2325 673 2384 si
687 2325 828 2385 animum
843 2324 1020 2385 adudrtiiis.

134 2420 275 2482 Primum
291 2422 369 2481 mihi
383 2421 516 2482 Plautus
535 2423 649 2482 nornen
663 2421 822 2482 Luxuriae
837 2421 971 2482 indidit:

134 2520 214 2579 Tum
234 2519 239 2600 Ι
258 2518 336 2578 hano
351 2517 430 2578 mihi
445 2523 571 2593 gnatam
586 2519 654 2579 esse
669 2519 772 2579 uoluit
787 2501 941 2597 inopiam.

136 2617 197 2677 Sed
211 2635 249 2676 oa
262 2613 324 2675 hiic
338 2615 415 2693 quid
429 2614 585 2675 introierit
601 2615 740 2694 impulsii
755 2635 835 2692 meu,

135 2713 280 2791 Accipite
294 2720 326 2773 et
340 2709 413 2773 date
427 2713 553 2774 uncinus
568 2714 652 2774 auris
668 2715 741 2774 dum
757 2714 892 2792 eloquor.

136 2811 330 2871 Adulescens
346 2809 473 2888 quidam
488 2817 536 2870 est
551 2795 608 2888 qui
621 2810 654 2870 in
669 2812 755 2872 hisce
770 2811 894 2871 habitat
908 2811 1053 2871 aedibus:

13 2943 14 2946 =
135 2909 170 2968 Is
185 2908 249 2967 rem
265 2913 427 2985 paternam
443 2927 492 2967 me
507 2908 658 2969 adiutrice
674 2908 821 2988 perdidit.

135 3005 288 3076 Quoniam
304 3004 341 3081 ei,
357 3005 412 3083 qni
426 3025 475 3064 me
490 3005 597 3080 aleret,
613 3005 658 3065 nss
679 2995 771 3066 uideo
787 3025 854 3066 esse
868 3003 988 3079 relicui,

136 3102 218 3161 Dedi
233 3102 263 3162 ei
277 3123 376 3163 meam
394 3103 528 3178 gnatam,
545 3103 671 3180 quicum
688 3109 822 3164 aetatem
838 3103 953 3178 exigat.

137 3199 198 3260 Sed
213 3200 252 3259 do
267 3201 450 3277 argumento
464 3218 504 3258 ne
519 3201 707 3278 dxspaotetis
724 3200 867 3261 fabulae:

138 3297 233 3358 Senes
249 3298 304 3375 qui
320 3297 381 3358 huc
396 3297 531 3371 uenient,
548 3297 639 3357 irem
654 3297 743 3358 uobis
759 3297 909 3375 aperient.

137 3395 222 3455 Huic
238 3395 355 3456 Graeco
370 3413 482 3454 nomen
498 3396 546 3455 ssi
560 3394 741 3454 Thensauro
757 3394 902 3454 fabulae:

137 3491 282 3551 Philemo
297 3491 441 3568 scripsit3
457 3490 590 3551 Plaritus
604 3491 703 3551 uortit
717 3491 856 3566 bdrbare,

137 3589 262 3649 Nomen
278 3588 461 3648 Trinummo
476 3587 561 3647 fe'oit.
604 3589 698 3647 Nunc
712 3587 771 3646 hoc
785 3589 841 3648 ucis
855 3591 945 3664 rogat

655 3683 671 3732 3
