2720 3994
467 285 604 337 PLAVTI
625 285 848 337 TRINVMMVS
1142 279 1184 342 39

129 457 184 517 Sr.
219 439 272 518 ite
285 462 321 518 ut
335 457 450 536 oeeepi,
465 457 493 518 si
508 457 647 518 enimum
662 457 819 534 aduortae,
834 455 945 518 diuam.
999 458 1057 519 Cn.
1094 459 1183 519 Dabo

969 556 1094 633 operdnr
1114 555 1182 615 tibi.

129 651 183 712 Sr.
228 652 320 711 Hane
335 671 383 712 me
398 651 494 713 iussit
507 652 679 713 Lesbonico
694 652 750 711 sud
765 657 860 728 gnato
874 651 948 711 dare
963 650 1134 730 epistulum

130 748 173 807 Et
187 748 263 808 item
279 748 359 808 hane
374 749 506 809 alteram
521 768 577 810 suo
591 749 691 809 amieo
706 747 830 810 cellion
845 747 938 809 iussit
952 748 1035 808 dere.

129 845 188 906 Cu.
224 845 314 904 ‘Mihi
335 864 459 924 quoque
476 846 596 926 edepol,
612 865 706 924 quom
720 845 773 906 hie
787 851 934 923 nugatur,
949 846 1058 906 edntra
1072 845 1185 922 nugari

1086 943 1182 1003 lubet.
1197 963 1241 1007 900

130 1022 193 1103 Vbi
220 1047 289 1118 ipse
320 1043 413 1102 erat?
477 1042 530 1103 Sr.
582 1041 669 1102 Bene
696 1041 763 1100 rem
791 1041 925 1118 gerebat.
989 1039 1047 1100 Cn.
1100 1023 1185 1116 Ergo

734 1138 815 1198 ubi?
879 1138 934 1198 SY.
979 1138 1018 1197 In
1034 1135 1184 1197 Seleiieia.

131 1235 191 1297 Cn.
233 1217 285 1296 rib
299 1243 393 1314 ipson
409 1235 488 1296 istas
502 1235 677 1314 decepisti?
740 1234 793 1296 ὃν.
835 1234 1023 1295 Emdnibus
1039 1234 1127 1293 dedit
1142 1233 1186 1293 mi

933 1332 1000 1410 ipse
1015 1330 1049 1389 in
1064 1349 1184 1390 manus.

131 1431 189 1491 Cn.
237 1430 305 1502 Qus
326 1431 408 1490 faeie
432 1435 482 1490 est
503 1430 622 1490 home?
690 1429 745 1490 Su.
788 1429 982 1507 Sesquipede
1005 1427 1186 1505 quiddamst

892 1543 985 1603 quem
1000 1530 1037 1583 tu
1052 1524 1183 1600 lengior.

131 1624 195 1698 On..
234 1625 355 1685 Haeret
376 1625 455 1684 haee
478 1642 538 1700 res,
563 1622 591 1684 si
613 1623 742 1702 quidem
769 1641 827 1700 ego
852 1622 965 1683 absens
995 1620 1064 1680 siim
1093 1640 1187 1698 quam

155 1769 159 1778 .
892 1737 1041 1797 praesens
1056 1718 1185 1794 ldngior.

131 1817 284 1878 Nduistin
305 1817 490 1879 hominem?
553 1819 606 1879 Sr.
649 1817 797 1878 Ridicule
818 1817 946 1894 segites,
970 1833 1103 1892 quocum
1125 1815 1188 1874 une

1083 1911 1187 1973 eibum
1200 1928 1243 1978 905

132 2012 251 2090 cepere
266 2012 357 2073 soleo.
423 2013 482 2074 On.
517 2014 599 2086 Quid
614 2018 663 2074 est
676 2012 706 2072 ei
719 2013 860 2072 nomen?
927 2011 981 2072 ὃν.
1016 2009 1105 2080 Qued
1120 2009 1188 2068 ede

878 2107 932 2186 pol
946 2106 1068 2166 homini
1081 2105 1186 2184 probe.

133 2206 193 2267 cu.
237 2204 339 2266 Libet
356 2207 473 2268 audire.
538 2207 591 2267 Su.
635 2206 690 2266 Illi
712 2205 823 2284 edepol
837 2205 942 2265 -illi
956 2203 1060 2263 -ssli
1075 2241 1116 2250 -
1130 2221 1187 2262 uae

961 2302 1075 2362 miseni
1090 2299 1186 2359 mihi!

133 2401 192 2461 Cu.
235 2399 317 2471 Quid
338 2408 387 2461 est
404 2400 537 2477 negoti?
600 2400 654 2462 Sr.
696 2400 856 2461 Deuoraui
881 2401 994 2460 nemen
1015 2398 1187 2476 inprudens

1086 2495 1187 2553 modo,

134 2595 193 2656 On.
235 2595 308 2654 Ndn
323 2596 427 2673 planet
441 2594 496 2672 qui
511 2594 626 2664 amieos
641 2594 849 2654 intrudentes
864 2594 1026 2654 eonelusos
1041 2592 1146 2652 hebet.

135 2692 190 2754 Sr.
231 2675 337 2770 A‘tque
356 2691 451 2752 etiam
472 2691 564 2751 modo
584 2692 771 2752 uersabatur
790 2690 870 2750 mihi
886 2697 920 2749 in
934 2689 1031 2750 labris
1049 2688 1190 2766 primeri-

1120 2786 1187 2846 bus.
1201 2810 1246 2854 910

135 2885 194 2946 Gn.
237 2885 383 2964 Temperi
410 2885 485 2946 huie
511 2885 605 2945 hodie
633 2884 789 2945 anteueni.
853 2885 907 2945 Sr.
949 2884 1070 2943 Teneor
1093 2882 1190 2941 meni-

978 2980 1061 3040 festd
1080 2979 1184 3040 miser.

136 3081 195 3141 ΟΠ.
238 3079 307 3141 Iam
322 3079 594 3142 reeommentdtu's
607 3080 745 3139 nomen?
809 3079 862 3139 Sr.
905 3078 1006 3138 Deum
1022 3076 1125 3136 herele
1141 3095 1189 3136 me

796 3182 891 3254 atque
905 3173 1068 3234 hominiim
1082 3173 1187 3252 pudet.

136 3275 196 3336 On.
238 3273 319 3336 Vide
334 3275 475 3335 modout
489 3272 647 3333 hominem
661 3273 794 3333 ueneris.
853 3273 905 3332 Sr.
942 3272 1115 3348 Tamqudm
1130 3288 1188 3328 me.

895 3368 980 3428 Fieri
994 3366 1076 3428 istrie
1091 3365 1188 3428 solet:

137 3468 227 3538 Quen
241 3475 274 3527 ln
288 3488 384 3529 manu
398 3468 505 3528 teneds
520 3473 614 3546 atque
629 3467 729 3528 oeulis
743 3466 862 3541 uideas,
877 3465 910 3525 id
925 3463 1091 3526 desideres.

137 3563 268 3626 Litteris
283 3565 553 3625 reedmminisear:
576 3565 600 3624 Ο
617 3565 665 3624 est
679 3563 869 3640 principium
883 3562 1010 3623 nemini.
1203 3579 1247 3628 915
