2720 3994
177 243 220 308 42
452 321 454 326 Ι
516 256 655 306 rusum
677 213 909 309 ramvuuvs'

61 471 64 477 -
177 408 284 505 sitque
301 428 342 489 ad
361 425 496 489 amicum
517 426 690 503 Cfflliclem,
705 428 778 508 quoi
800 446 866 487 rem
887 425 974 490 aibat
994 429 1160 490 mandasse
1180 428 1234 489 hic

753 583 758 600 „
1119 527 1233 586 suam?

177 621 261 682 Mihi
278 621 488 696 concrederet,
502 620 566 681 nisi
583 625 655 682 med
669 621 724 681 ille
739 622 771 682 et
785 640 843 698 ego
858 621 950 681 illum
963 622 1087 682 nossem
1108 623 1235 700 probe?
1268 607 1270 614 ¹

177 719 236 781 011.
278 702 373 778 Enim
392 736 467 778 uero
487 737 545 796 ego
565 737 648 778 nunc
669 717 881 800 sycophantae
906 718 980 778 huic
1007 717 1235 808 sycophantari

1149 815 1231 890 nole,

178 913 212 973 Si
232 911 316 972 hunc
338 931 466 990 possum
486 911 543 972 illo
565 912 654 973 mssle
674 931 838 973 nummum
852 911 1039 991 Phsslppum
1059 910 1234 973 circumdu-

1152 1027 1232 1085 cers,

120 1127 164 1184 9⁶0
177 1105 266 1176 Quod
277 1105 337 1166 sibi
348 1125 398 1165 me
409 1104 534 1166 dedisse
545 1106 637 1182 dixit,
647 1125 740 1184 quem
752 1107 810 1182 ego
820 1106 874 1184 qui
887 1106 930 1166 sit
940 1105 1033 1166 homo
1043 1105 1150 1166 nescio

176 1203 287 1280 Neque
305 1202 403 1262 oculis
425 1208 497 1262 ante
518 1202 601 1263 hunc
622 1203 707 1263 diem
727 1221 877 1281 umquam
899 1201 974 1262 uidi.
1017 1202 1098 1262 Eine
1120 1221 1231 1262 aurum

1073 1300 1232 1359 crederem

177 1395 265 1471 Quoi,
274 1395 301 1456 si
311 1395 424 1474 capitis
434 1397 483 1456 res
493 1396 545 1471 sit,
554 1416 717 1456 nummum
726 1394 895 1474 numquam
907 1396 1029 1456 credam
1039 1395 1229 1474 plumbeum.

176 1475 437 1570 adgrediundust
463 1491 516 1552 aa
539 1493 633 1553 homo
657 1493 702 1552 mi
726 1498 805 1554 astu.
849 1492 1102 1568 Heus,1>ax‚te
1127 1493 1231 1554 tribus

1027 1588 1133 1649 uerbis
1148 1590 1230 1650 uolo.

178 1687 231 1747 Su.
273 1685 334 1747 Vel
348 1685 506 1746 trecentis.
570 1687 628 1748 Cu.
664 1687 779 1746 Haben
800 1690 835 1746 tu
857 1685 891 1745 id
912 1705 1031 1760 aurum,
1046 1687 1131 1762 quod
1149 1693 1233 1746 acce-

909 1783 985 1861 pisti
1001 1801 1019 1842 a
1034 1782 1230 1844 Charmide?

178 1881 241 1941 Sr.·
274 1862 381 1958 ritque
402 1879 498 1941 etiam
518 1879 713 1959 Philippum,
736 1886 934 1939 numeratum
955 1877 1043 1939 illius
1067 1879 1099 1937 in
1121 1880 1233 1940 mensa

1125 1995 1231 2052 manu,

177 2073 268 2134 Mssle
288 2094 462 2145 nummum.
527 2075 587 2136 Oa.
631 2075 753 2153 Nempe
771 2074 897 2153 abipso
914 2073 948 2132 id
966 2073 1116 2152 accepisti
1137 2073 1245 2134 Char?

1119 2170 1231 2230 mide?
1342 2207 1343 2211 =

178 2269 233 2330 Su.
277 2268 395 2328 Mirum
420 2270 498 2347 quin
522 2270 561 2330 ab
584 2289 644 2329 auo
665 2267 733 2330 eius
756 2275 812 2330 aut
839 2287 957 2347 proauo
979 2266 1152 2346 acciperem
1175 2266 1233 2345 qui

1016 2370 1091 2425 sunt
1105 2364 1231 2424 mortui.

177 2462 235 2522 Cu.
278 2445 482 2538 Adulescens,
504 2464 655 2523 cedodum
683 2463 764 2524 istuc
792 2483 903 2524 aurum
924 2461 977 2521 mi.
1044 2462 1098 2522 Su.
1141 2461 1232 2532 Quod

862 2579 919 2637 ego
933 2578 1043 2620 aurum
1057 2559 1127 2618 dem
1143 2558 1231 2618 tibi?
1337 2555 1338 2583 ³

177 2656 235 2717 Cu.
278 2656 367 2728 Quod
388 2664 408 2717 a
427 2675 477 2716 me
497 2661 529 2716 te
550 2655 708 2734 accepisse
723 2658 846 2719 fassu's.
911 2657 964 2717 Su.
1007 2638 1075 2716 abs
1096 2660 1128 2715 te
1149 2673 1232 2715 acce

772 2755 884 2832 pisse?
945 2753 1003 2814 Cu.
1046 2735 1098 2813 ita
1111 2752 1230 2828 loquor.

178 2850 231 2909 Su.
274 2847 349 2920 Quis
374 2856 410 2910 tu
433 2850 527 2910 homo
551 2853 609 2910 es?
678 2851 737 2913 On.
779 2850 840 2922 Qui
865 2849 952 2910 mssle
981 2868 1144 2909 nummum
1170 2847 1232 2908 tibi

120 2971 165 3016 970
375 2993 377 2999 .
792 2947 866 3016 dedi
879 2965 936 3022 ego
951 2966 1020 3006 sum
1035 2944 1229 3007 Charmides,

178 3043 232 3102 Su.
275 3044 383 3122 Neque
405 3044 515 3122 edepol
529 3051 565 3105 tu
579 3045 606 3104 is
622 3045 655 3104 es
670 3063 771 3122 neque
789 3044 882 3104 hodie
901 3044 928 3104 is
944 3041 1093 3120 umquam
1114 3042 1176 3102 eris
1190 3078 1232 3088 —

915 3159 990 3200 auro
1004 3138 1078 3199 huic
1093 3137 1228 3216 quidem.

178 3219 241 3297 ribi
255 3237 307 3311 sis,
323 3239 471 3313 nugator:
496 3238 607 3313 nugari
621 3237 767 3314 nugatori
783 3237 931 3316 postulas.

178 3334 236 3395 Cu.
273 3334 457 3395 Charmides
469 3354 524 3411 ego
537 3333 613 3395 sum.
677 3336 731 3395 Su.
772 3334 973 3412 Nequiquam
988 3333 1134 3394 hercle’s:
1156 3353 1229 3394 nam

972 3430 1055 3489 nihil
1069 3429 1138 3490 auri
1152 3431 1231 3493 fero.

178 3526 284 3588 Nimis
299 3533 408 3604 argute
423 3546 471 3586 me
486 3527 652 3606 obrepsisti
667 3528 700 3588 in
716 3529 806 3606 eapse
822 3526 1054 3589 occasiuncula:
