2720 3994
462 295 600 346 rnavrr
622 293 844 344 rnruvumvs
1138 280 1179 344 33

68 471 71 478 '
125 469 240 544 Ignota
253 467 350 528 facies
366 467 446 546 quao
460 484 521 527 non
536 465 669 526 uisitata
682 465 734 540 sit,

127 563 413 643 (Mendaciloquom
454 564 647 642 aliquem-
712 563 771 624 Or.
814 563 896 634 Quid
929 562 957 623 is
982 562 1043 623 scit
1074 561 1178 622 facere

622 714 626 724 ,
1028 661 1177 740 posteat)

125 759 191 818 Mn.
232 757 434 833 Falsidioum‚
448 756 705 818 confidontem—
773 757 830 818 or.
872 756 1031 827 Quidtnm
1044 757 1179 834 postea?
1192 787 1236 832 770

126 856 190 914 Mn.
234 855 329 926 Quasi
343 855 384 914 od
398 854 629 915 adulescentem
647 854 665 914 o
679 860 769 931 patre
784 873 822 914 ex
838 851 980 914 Seleircia

125 952 251 1026 Veniat,
266 953 399 1012 salutem
413 952 442 1010 ei
456 949 583 1011 nuntiet
596 949 701 1011 uerbis
715 951 831 1028 patris:
882 946 885 954 '

126 1048 222 1108 llldm
237 1049 316 1108 bene
331 1065 436 1124 gerere
450 1066 515 1107 rem
531 1047 563 1107 ot
578 1047 681 1107 ualere
695 1054 728 1106 et
741 1046 857 1122 uiuere,

126 1144 255 1206 Etcum
270 1145 443 1204 rediturum
459 1141 608 1205 actirtum.
651 1145 745 1204 Ferat
760 1143 911 1222 epistulas

127 1243 231 1302 Duas:
253 1242 305 1302 coa
319 1261 376 1302 nos
390 1241 618 1316 consignemus,
633 1240 725 1318 quasi
740 1240 804 1301 sint
818 1242 838 1301 o
852 1246 949 1319 patre.
1193 1270 1237 1317 775

127 1340 190 1398 Det
203 1336 334 1399 olteram
349 1337 397 1397 illi
409 1338 433 1419 Ι,
448 1338 576 1398 alteram
593 1337 678 1397 dicat
692 1337 751 1397 tibi

2 1503 3 1506 Ἴ
126 1436 211 1495 Dare
225 1435 292 1495 sose
307 1435 398 1495 uelle.
460 1435 518 1495 Oa,
560 1434 660 1509 Porge
675 1451 766 1512 porro
780 1432 890 1494 dicere.

127 1532 191 1591 Mn.
236 1532 338 1610 Seque
351 1531 462 1592 eorum
476 1531 560 1592 ferre
574 1531 692 1608 uirgini
706 1533 810 1592 dotem
825 1532 845 1592 o
858 1538 947 1610 patre

127 1629 222 1688 Dicat
236 1635 419 1708 patremque
433 1629 467 1689 id
481 1629 611 1690 idssisse
626 1648 735 1690 aurum
751 1628 810 1689 tibi
824 1629 907 1690 darc.

127 1725 228 1786 Tenos
237 1726 322 1785 iam?
384 1728 441 1787 Oa,
483 1726 788 1804 Propemodo‚otque
798 1726 941 1786 ausculto
952 1725 1128 1804 porlnbens.
1195 1744 1240 1800 780

1 1875 2 1880 ,
127 1817 193 1881 ΜΕ.
236 1813 366 1882 Tum'tii
380 1823 477 1899 igitur
491 1823 617 1882 demum
631 1822 824 1882 odnlcscenti
838 1821 947 1882 aurirm
963 1821 1062 1894 dabis,

128 1918 190 1978 Vbi
205 1919 265 1978 erit
279 1918 382 1980 locata
395 1919 486 1996 uirgo
500 1919 535 1978 in
549 1919 792 1979 matrimonium.

128 2015 186 2075 Or.
226 2015 526 2095 Scitehorclesanel
588 2017 654 2077 ΜΕ.
697 2014 840 2091 Hoo,i1bi
855 2017 1059 2078 thensaurum
1071 2017 1193 2098 effode-¹

1129 2134 1182 2190 rrs,

129 2208 346 2288 Suspicionem
359 2211 398 2272 ab
412 2210 612 2272 adulescente
626 2210 787 2271 amoueris.

128 2307 278 2368 Censobit
293 2326 401 2367 aurum
418 2325 486 2368 esse
500 2309 519 2368 o
534 2315 622 2386 patre
636 2306 766 2368 allatirm
783 2307 859 2367 tibi:

128 2405 177 2462 Tu
191 2404 231 2463 do
244 2404 414 2464 thensauro
428 2403 539 2465 sumes.
604 2405 661 2465 or.
706 2405 791 2466 Satis
807 2407 884 2466 scite
899 2407 931 2466 ot
945 2405 1058 2484 probet

128 2501 324 2579 Quamquam
339 2500 396 2561 hoc
411 2521 460 2560 me
474 2502 587 2562 aetatis
603 2502 826 2584 sycophantari
840 2503 945 2581 pudet.

129 2598 192 2658 Sed
206 2595 359 2675 epistulas
373 2599 499 2676 quando
513 2599 696 2676 opsignatas
710 2599 840 2673 adferet,
905 2569 1031 2641 ¹⁵ae

4 2729 8 2738 ·
130 2694 210 2773 [Sed
224 2712 317 2772 quom
333 2694 514 2772 opsignatas
529 2695 672 2756 ottulerit
686 2695 864 2778 epistulas]

128 2791 242 2850 Nonne
256 2789 419 2852 arbitraris
434 2792 503 2851 oum
519 2792 749 2853 adulescentem
764 2793 851 2853 anuli

127 2885 257 2946 Patorni
272 2888 395 2964 signum
412 2890 531 2950 nosse?
593 2890 659 2950 Mn.
701 2889 807 2950 Etiam
822 2889 857 2949 tri
871 2892 983 2951 taces?

130 2984 295 3044 Sescontac
310 2985 349 3044 ad
363 3004 431 3044 eam
447 3004 511 3045 rem
526 2985 636 3047 cadsae
651 2992 785 3064 possunt
799 2986 931 3064 conligi:

128 3078 225 3142 Illirm
242 3100 336 3159 quem
353 3080 357 3163 Ι
376 3082 487 3146 habuit
502 3083 649 3160 perdidit,
667 3083 780 3163 [alium
795 3085 882 3164 post]
899 3083 976 3145 fecit
990 3103 1114 3146 nouom.

129 3178 199 3237 Iam
214 3177 240 3238 si
255 3178 436 3256 opsignatas
451 3181 513 3239 non
527 3180 617 3255 feret,
633 3181 697 3240 dici
711 3179 773 3240 hoo
786 3184 899 3259 potest,

128 3275 225 3352 Apud
239 3275 421 3353 portitorem
437 3277 488 3336 eos
503 3277 677 3352 resignatos
693 3276 754 3337 sibi

129 3371 356 3450 Inspoctasque
368 3385 447 3432 'essa
491 3375 530 3432 In
545 3373 639 3434 huius
654 3375 739 3433 modi
754 3373 881 3450 negotio

129 3467 221 3528 Diom
237 3487 378 3529 sermone
392 3469 492 3529 torere
508 3470 657 3545 segnitios
672 3478 803 3532 morast:

129 3564 281 3634 Quamuis
296 3584 453 3626 sermones
467 3567 599 3644 possunt
613 3567 699 3644 longi
712 3568 821 3628 toxier.

295 3675 314 3712 D
