2720 3994
177 274 219 339 22
515 287 651 339 nusum
674 285 896 339 nnmvmmvs

176 458 237 518 Pu.
280 458 373 518 Nunc
385 457 422 518 iit
436 458 517 519 scias
531 458 583 519 hic
597 458 752 518 factiones
766 458 860 535 atque
874 476 949 535 opes

176 555 249 614 Non
264 555 331 615 esse
345 574 445 633 neque
461 575 517 616 nos
531 555 619 616 tuam
634 555 797 631 neglegere
813 554 954 630 gratiam,

177 651 251 711 Sine
266 652 338 711 dote
353 671 446 730 posco
461 653 548 711 tudm
563 670 698 712 sororem
713 650 793 711 filio.

118 772 163 820 500
176 748 260 818 Quae
275 749 323 808 res
340 749 416 808 bene
431 755 545 808 uortat
589 748 721 808 Habeon
736 750 902 826 pectam?
928 746 1011 818 Quid
1025 749 1138 808 taces?

176 847 225 905 Su.
268 846 330 905 Pro
345 845 377 904 di
393 844 594 920 immortales,
610 844 823 905 condicionem
839 843 951 922 quoius
967 844 1070 905 modi!

175 942 234 1000 Pu.
277 942 356 1012 Quin
373 942 514 1002 fabulare
524 942 704 1001 -uinl—
714 950 721 977 ‘
731 941 810 1002 bene
824 947 938 1015 uertat,
953 942 1134 1019 spondeo'?

175 1038 225 1097 Su.
268 1038 367 1114 Eheu,
382 1039 435 1099 ubi
451 1058 527 1098 usus
542 1037 588 1098 nil
603 1044 670 1098 eret
685 1039 778 1113 dict0,
795 1038 967 1116 ‘spondeo'

175 1135 322 1195 Dicebat:
345 1154 427 1195 nunc
441 1135 501 1210 hic,
517 1154 610 1213 quom
626 1137 705 1213 opus
720 1141 778 1209 est,
793 1154 856 1194 non
871 1133 940 1211 quit
954 1133 1067 1196 dicere.

117 1253 160 1302 505
175 1232 230 1290 ΒΕ.
273 1232 371 1302 Quom
387 1232 555 1292 adfinitate
570 1233 677 1292 ndstra
690 1250 741 1291 me
756 1231 953 1292 arbitremini

174 1327 322 1403 Dignum,
338 1329 437 1389 hdbeo
451 1329 549 1403 uobiS,
565 1328 684 1403 Philto,
701 1347 845 1404 magnam
860 1326 1002 1403 gratiam.

175 1425 235 1484 Sed
250 1426 368 1486 siliaco
384 1444 433 1485 res
448 1426 586 1502 grauiter
601 1425 715 1485 cecidit
730 1424 870 1485 stultitia
884 1443 960 1498 mea,

174 1521 291 1597 Philto,
306 1523 354 1584 est
369 1541 442 1598 ager
458 1523 516 1582 sub
530 1520 606 1581 iirbe
621 1521 674 1582 hic
689 1521 797 1581 nobis:
820 1520 891 1580 eum
907 1521 987 1580 dabo

173 1619 286 1678 Dotem
302 1619 415 1679 sorori:
439 1638 511 1678 nam
526 1617 554 1679 is
569 1619 608 1679 de
624 1617 771 1678 stultitiis
786 1617 865 1677 meis

116 1714 265 1786 5108011'18
280 1716 411 1794 superfit
425 1717 550 1793 praeter
565 1716 662 1776 uitam
680 1715 823 1775 relicuos.

172 1813 234 1873 Pu.
275 1814 422 1873 Profecto
436 1813 540 1872 dotem
555 1812 601 1872 nss
616 1831 728 1872 moror.
794 1812 851 1873 ΒΕ.
897 1810 1056 1873 Certumst
1071 1813 1154 1872 dare.

174 1909 223 1969 Su.
266 1910 465 1984 Nostrdmne,
481 1928 541 1984 ere,
557 1909 606 1969 uis
621 1908 784 1983 nutricem,
801 1927 881 1986 quae
895 1928 952 1968 nos
967 1909 1088 1985 educat,

173 2005 360 2066 Abalienare
375 2025 394 2065 a
409 2005 525 2066 nobis?
568 2006 652 2065 Cane
667 2004 711 2066 sis
726 2005 856 2065 feceris:

172 2102 253 2173 Quid
269 2102 396 2162 edemus
409 2108 533 2162 nosmet
547 2103 681 2180 postea?
744 2103 800 2161 ΒΕ.
842 2101 948 2162 Etiam
963 2101 999 2162 tii
1013 2103 1124 2163 taces?

115 2218 158 2267 515
173 2199 266 2259 Tibin
281 2200 337 2274 ego
353 2199 504 2258 rationem
521 2199 673 2258 reddam?
737 2199 787 2259 Su.
829 2198 928 2258 Plane
944 2198 1104 2277 periimus,

172 2296 245 2356 Nisi
259 2296 337 2373 quid
351 2315 408 2372 ego
423 2295 647 2356 comminiscor.
691 2296 809 2371 Philto,
826 2297 857 2355 te
872 2297 951 2358 uolo.

171 2394 231 2452 Pu.
274 2393 308 2453 Si
323 2391 471 2471 quiduis,
488 2392 633 2453 Stasime.
699 2393 749 2454 ΒΕ.
784 2394 858 2452 Huc
872 2391 1223 2470 concedealiquantdm.

315 2541 318 2546 .
1022 2492 1083 2550 Pu.
1125 2489 1223 2549 Licet

172 2587 222 2646 Su.
264 2588 387 2647 Arcano
401 2586 462 2646 tibi
477 2605 534 2664 ego
548 2586 608 2647 hoe
621 2585 701 2664 dico,
716 2606 756 2647 ne
770 2587 825 2647 ille
840 2606 879 2647 ex
894 2589 925 2648 te
940 2586 1019 2648 sciat

171 2683 260 2742 Neue
274 2683 355 2743 alius
370 2683 544 2760 quisquam.
608 2685 668 2743 Pu.
684 2717 686 2720 ·
712 2683 810 2744 Crede
825 2685 972 2744 audacter
986 2683 1162 2762 quidlubet.

114 2804 158 2852 φο
172 2779 221 2839 Sn.
265 2781 326 2840 Per
340 2781 413 2840 deos
431 2789 526 2857 atque
540 2779 683 2841 homines
699 2780 777 2856 dico,
792 2800 831 2841 ne
845 2769 881 2840 tu
895 2779 995 2841 illicne
1008 2799 1118 2857 agrum

172 2875 271 2934 Tuom
286 2875 359 2936 siris
375 2894 522 2954 umquam
537 2876 611 2936 fieri
626 2896 728 2954 neque
744 2877 832 2954 gnati
846 2877 908 2951 tui„

170 2972 211 3031 Ei
224 2973 270 3031 rei
284 2973 468 3049 drgumenta
483 2972 595 3032 dicam.
658 2975 719 3033 ΡΕ.
762 2973 883 3033 Audire
899 2974 1008 3052 edepol
1023 2973 1120 3033 lubet

171 3067 221 3128 Su.
263 3069 403 3128 Primum
419 3070 558 3130 omnium
572 3069 647 3129 olim
662 3071 746 3131 terra
760 3089 853 3149 quom
868 3069 1090 3148 proscinditur,

171 3166 211 3224 In
225 3165 355 3243 quincto
369 3185 492 3244 quoque
507 3166 593 3227 sdlco
608 3165 783 3227 moriuntur
798 3167 901 3227 boues

114 3263 230 3334 525P11.
273 3264 400 3340 Apage!
457 3263 508 3323 si.
535 3245 727 3324 Acheruntis
742 3263 857 3323 ossium
872 3263 905 3322 sn
921 3264 1059 3323 nostrast
1073 3281 1156 3341 agro.

171 3361 252 3419 Tum
267 3359 376 3419 uinum
391 3359 477 3436 prius
493 3377 586 3436 quam
601 3361 754 3420 coctumst
769 3360 885 3436 pendet
900 3359 1054 3437 putidum.

172 3457 228 3516 ΒΕ.
271 3456 450 3517 Consuadet
464 3455 593 3529 homini,
609 3456 710 3515 credo.
752 3456 825 3516 Etsi
841 3455 991 3516 scelestus
1005 3460 1063 3532 est,

172 3554 217 3612 At
231 3551 274 3610 mi
289 3549 426 3610 infidelis
440 3551 501 3609 non
518 3559 573 3611 est
638 3551 688 3610 Su.
730 3551 816 3611 Audi
830 3551 941 3611 cetera
