2720 3994
167 245 207 310 16
504 259 641 310 1111111
662 259 884 313 'ruruvuuvs

166 430 238 491 Neu
267 449 303 490 eo
328 429 405 490 haee
427 429 504 506 diso,
520 430 597 508 quin
617 449 697 507 quae
718 437 754 492 tu
775 429 825 495 uis
847 431 903 508 ego
924 429 1020 494 uelim
1042 436 1075 494 et
1101 431 1217 494 faeiem

1085 527 1216 591 lubens:

168 624 229 684 sed
247 643 304 702 ego
327 624 385 683 hoo
404 624 534 683 uerbum
556 626 649 702 quem
670 623 720 683 illi
737 623 884 701 quoidam
907 623 985 700 dine,
1001 624 1218 702 praemonstro

1127 716 1217 797 tibi,

167 803 211 878 Vt
224 818 271 878 ita
284 824 315 878 te
331 817 462 878 aiiordm
476 818 665 893 miserescat,
680 817 776 880 netis
791 818 869 882 aiios
885 817 1039 884 misereat.

167 915 226 975 Lu.
268 915 419 974 Deserere
434 914 523 974 illurn
541 920 573 976 et
587 914 733 976 deiuuare
748 915 780 974 in
795 916 887 976 rebus
903 915 1045 980 aduorsis
1059 915 1164 994 pudet

110 1033 154 1082 345
166 1012 226 1071 Pu.
269 1011 327 1074 Pel
342 1012 459 1088 pudere
473 1011 566 1089 quern
582 1010 686 1089 pigere
701 1011 841 1090 praestat
854 1011 986 1074 totidem
1001 1011 1126 1076 litteris.

167 1109 226 1170 Lu.
268 1091 390 1188 Edepol
418 1108 512 1167 deum
539 1106 657 1167 uirtr'rte
685 1107 797 1182 dicam,
826 1108 924 1186 peter,
953 1114 986 1168 et
1006 1108 1159 1168 maiorum
1186 1109 1219 1168 et
1271 1095 1279 1106 ⁹

1163 1211 1221 1268 tua

167 1301 270 1364 Mdita
281 1301 364 1362 bona
377 1302 455 1363 bene
470 1301 561 1378 perta
574 1301 741 1361 habemus:
764 1301 843 1362 bene
857 1301 884 1362 si
900 1301 999 1363 amico
1014 1301 1137 1378 feceris,

166 1399 216 1458 Ne
230 1399 336 1478 pigeat
350 1397 481 1460 fecisse:
503 1404 540 1458 ut
554 1398 659 1476 potius
674 1397 800 1476 pddeat,
817 1397 844 1458 si
858 1418 921 1460 non
936 1399 1058 1462 feceris.

160 1495 226 1556 vPu.
269 1496 316 1554 De
337 1495 459 1570 magnis
480 1492 603 1554 diuitiis
618 1494 645 1553 si
659 1495 737 1571 quid
751 1495 866 1569 demas,
882 1495 953 1572 pius
974 1495 1012 1554 fit
1033 1496 1072 1555 en
1087 1493 1219 1556 minus?

166 1592 227 1652 Lu.
271 1591 387 1666 Minus,
416 1596 521 1669 pater:
551 1591 606 1654 sed
638 1590 700 1650 oiui
730 1590 863 1652 immuni
891 1590 958 1652 sein
987 1591 1064 1668 quid
1098 1591 1220 1656 cantari

109 1717 154 1765 350
1110 1689 1219 1752 solet?

167 1785 274 1856 ‘Qued
295 1784 391 1846 habes
419 1791 459 1844 ne
487 1784 601 1845 habetis
630 1790 662 1845 et
681 1783 758 1844 illue
780 1784 863 1862 quod
884 1784 946 1844 nen
967 1784 1063 1845 habes
1091 1785 1218 1862 habees‚

1089 1881 1218 1958 malum,

166 1979 423 2058 Quendoquidem
439 1997 496 2039 nee
509 1978 568 2040 tssri
583 1979 662 2039 bene
676 1997 745 2039 esse
758 1980 831 2057 pete
846 1978 913 2056 pati
928 1997 1028 2056 neque
1044 1977 1155 2038 elteri!

165 2075 227 2136 Pu.
270 2076 340 2136 Soio
361 2075 602 2156 equidem-issue
623 2075 669 2138 ite
690 2076 788 2136 solere
809 2075 899 2138 fieri:
921 2073 1217 2152 uerum‚gnete1ni‚
1242 2073 1244 2076 ’

165 2153 199 2232 fs
214 2178 262 2231 est
276 2172 424 2232 immunis
440 2171 514 2253 quoi
529 2172 574 2232 nil
590 2177 638 2232 est
653 2171 727 2254 quoi
741 2171 854 2234 munus
868 2171 1020 2248 fungatr'tr
1034 2191 1130 2236 suom.

108 2296 152 2344 355
166 2269 224 2328 Lu.
266 2267 367 2328 Derim
382 2269 501 2330 uirtute
515 2269 665 2332 habemus
680 2269 780 2348 etqui
795 2270 918 2332 nosmet
932 2267 1065 2344 utamirr,
1082 2274 1180 2346 pater,

165 2347 209 2424 Et
224 2364 294 2425 aliis
309 2365 364 2442 qui
378 2365 519 2425 semitati
534 2363 632 2426 simus
647 2351 964 2468 beneuolentibusss

165 2462 226 2520 Pa.
268 2461 341 2524 Neu
368 2461 478 2539 edepol
505 2461 565 2522 tibi
593 2461 761 2542 pernegare
789 2462 916 2539 pessum
944 2460 1112 2542 quiequam
1133 2461 1217 2539 qued

1118 2557 1215 2618 uelis:

164 2654 282 2725 Quoius
297 2655 467 2730 egestatem
481 2655 614 2716 tolerare
628 2653 702 2716 uis?
745 2656 887 2734 Loquere
901 2654 1047 2717 audacter
1062 2653 1154 2732 patri.

165 2751 224 2810 Lu.
267 2751 439 2812 Lesbonico
453 2752 526 2812 huie
540 2751 743 2828 eduleseenti,
759 2751 939 2812 Chermidai
953 2749 1033 2826 filio,

165 2847 225 2919 Qui
240 2847 306 2907 sslio
320 2848 451 2908 habitat.
514 2850 574 2908 ΡΗ.
617 2847 700 2918 Quin
720 2848 855 2908 comedit
869 2848 952 2926 qued
967 2847 1039 2922 fuit,
1055 2847 1138 2925 quod
1153 2848 1216 2908 nen

108 2970 153 3027 360
275 2981 281 2988 ·
1125 2944 1215 3008 fult?

165 3043 225 3102 Lu.
266 3042 316 3102 Ne
330 3043 492 3121 epprobra,
508 3048 614 3122 pater:
638 3041 738 3104 melta
747 3041 897 3104 eueniunt
909 3040 1029 3104 hemini
1043 3059 1123 3120 quae
1138 3039 1215 3116 uolt,

1000 3137 1080 3218 quae
1094 3136 1213 3200 neuolt.

164 3237 226 3295 Pu.
271 3236 407 3306 Mentire
421 3235 540 3316 edepol,
555 3236 657 3313 guete,
673 3243 767 3314 atque
789 3236 822 3298 id
843 3255 926 3298 nuno
947 3234 1027 3296 fetis
1048 3233 1134 3296 haud
1147 3251 1217 3294 oon·

1037 3329 1213 3392 suetudine.

163 3429 247 3490 Nem
262 3428 387 3506 sapiens
402 3429 530 3508 quidem
544 3429 598 3508 pol
610 3429 699 3507 ,ipsus
713 3429 811 3506 fingit
826 3431 985 3490 fortunem
1000 3428 1080 3490 sibi:

164 3527 210 3585 Ee
225 3544 287 3584 uon
301 3524 402 3584 multa
414 3525 495 3602 quae
509 3525 616 3585 neuolt
631 3525 789 3600 eueniunt,
805 3525 867 3588 nisi
882 3525 970 3587 ficter
984 3524 1111 3584 maiust.
