2662 3988
444 288 582 340 rnAvrr
604 287 826 340 rnruvunvs
1118 277 1159 342 51

103 463 189 522 Nem
222 460 417 538 beneficium,
446 459 568 521 homini
599 460 759 539 proprium
791 461 874 538 qued
902 461 1004 538 datur,
1033 461 1157 540 prosr'rm

1060 561 1157 637 perit:
1175 584 1231 631 1130

106 656 195 728 Quod
209 656 350 716 dattmst
362 655 525 729 utendum,
538 653 571 714 id
582 655 748 732 repetundi
760 655 889 733 cepiast,
900 655 1025 732 quande
1037 656 1124 717 uelis.

107 754 167 814 Cu.
211 736 272 813 Est
286 752 332 812 ita
345 758 381 812 ut
394 758 430 812 tu
444 750 532 812 dicis.
577 751 637 811 Sed
653 769 709 826 ego
723 751 782 811 hoc
796 752 918 828 nequeo
933 752 1040 812 mirari
1055 755 1132 815 satis

106 847 188 908 Etim
203 866 339 908 sororem
354 847 557 926 despondisse
572 866 662 908 suam
676 846 709 906 ln
724 854 789 908 tam
805 847 919 908 fortem
934 849 1098 910 femiliam.

107 945 164 1006 or.
206 944 340 1023 Lysiteli
350 945 476 1022 quidem
487 943 647 1004 Philtonis
658 943 737 1004 filio.
800 944 860 1004 Im.
896 943 1034 1028 [Aside]
1067 949 1158 1008 Enim

946 1062 995 1104 me
1010 1046 1158 1107 neminat.

107 1138 167 1200 Cn.
210 1138 375 1199 Femiliam
392 1144 550 1216 optumam
567 1137 742 1216 eccupanit.
807 1140 866 1198 Lu.
906 1139 1043 1223 [Aside]
1079 1142 1160 1214 Quid

742 1254 799 1311 ego
813 1255 901 1297 cesso
915 1237 972 1298 hos
989 1239 1159 1317 cenloqui?
1176 1266 1230 1313 1135

109 1334 171 1394 sed
184 1351 327 1394 maneam
341 1333 445 1408 etiam,
458 1331 584 1411 opinor;
606 1351 741 1411 namque
756 1333 815 1394 hoc
830 1335 1023 1394 cemmodum
1039 1336 1161 1397 orditer

1056 1433 1151 1512 loqui.

108 1527 168 1589 (ln.
210 1527 298 1588 Vehl
360 1526 417 1588 CA.
460 1527 541 1598 Quid
556 1529 630 1588 est?
692 1527 750 1589 (ln.
795 1527 920 1590 Oblitus
939 1529 1026 1591 intus
1043 1529 1160 1590 dudum

882 1626 941 1686 tibi
957 1645 1024 1686 sum
1041 1626 1159 1688 dicere:

108 1722 206 1782 Medo
218 1721 262 1781 mi
276 1720 459 1782 aduenienti
472 1728 605 1798 nugator
619 1722 748 1800 quidam
763 1723 894 1783 occessit
907 1723 1041 1799 ebniam,

107 1818 213 1879 Nimis
235 1818 458 1897 pergraphicus
480 1818 692 1900 sycophanta3
716 1819 743 1880 is
768 1818 854 1879 mille
876 1837 1037 1879 nummum
1058 1840 1091 1881 se
1112 1820 1163 1881 au-

1075 1938 1162 1979 reum

108 2013 182 2073 Mee
196 2012 271 2072 datu
285 2011 346 2072 tibi
360 2013 443 2072 ferre
458 2018 490 2072 et
505 2019 600 2090 gnato
616 2012 788 2073 Lesbonico
804 2013 890 2073 cibet
904 2033 988 2074 meo:
1178 2048 1235 2093 1140

107 2110 206 2181 Quem
221 2110 279 2186 ego
291 2127 349 2169 nec
364 2109 516 2186 quiesset
537 2111 644 2169 ueram
659 2128 760 2186 neque
776 2129 847 2170 eum
862 2117 934 2171 ante
948 2111 1079 2190 {requam
1095 2131 1164 2172 con·

963 2208 1052 2287 speri
1066 2209 1161 2286 prius.

109 2305 171 2366 Sed
198 2304 276 2383 quid
303 2305 413 2366 rides?
478 2304 535 2366 CA.
581 2305 654 2364 Meo
681 2304 828 2380 edlegatu
861 2305 958 2381 uenit,
988 2307 1078 2384 quasi
1109 2308 1163 2384 qui

960 2402 1067 2463 aurem
1085 2405 1164 2464 mihi

106 2497 218 2578 Ferret
232 2497 288 2558 abs
303 2502 334 2556 te
350 2497 434 2574 qued
449 2497 554 2556 darem
569 2501 641 2556 tuae
657 2496 770 2572 gnetae
787 2495 901 2569 dotem,
915 2502 952 2556 ut
966 2495 1055 2556 filius

107 2592 201 2669 Teos,
212 2594 338 2672 quando
349 2593 397 2652 illi
413 2612 431 2654 a
445 2593 494 2652 me
508 2593 624 2666 darem,
636 2611 704 2652 esse
720 2593 850 2652 allecum
868 2592 901 2651 id
916 2593 1014 2653 abste
1026 2593 1165 2653 crederet

106 2689 180 2751 Neri
191 2691 245 2768 qui
256 2710 320 2751 rem
332 2691 431 2768 ipsam
444 2691 550 2767 pesset
561 2689 753 2764 intellegere,
765 2688 967 2749 thensaurr'rm
980 2695 1065 2748 tuom
1179 2731 1235 2778 1145

107 2788 161 2847 Me
176 2806 243 2848 esse
258 2806 362 2864 penes,
378 2793 472 2864 atque
487 2785 556 2846 erim
573 2786 704 2861 melego
720 2787 828 2864 pepuli
844 2785 979 2864 petrium
998 2788 1146 2864 pesceret.

107 2885 165 2946 Orr.
211 2883 293 2944 Scite
305 2883 432 2961 edepol!
491 2885 548 2944 or.
592 2881 1066 2958 Megarenidescommr'mishoc
1077 2903 1164 2944 meus

1050 2979 1081 3039 et
1096 2986 1166 3041 tuos

106 3078 303 3138 Beneuolens
327 3077 544 3137 commentust.
607 3075 665 3136 On.
709 3076 792 3147 Quin
819 3075 972 3137 conlaudo
999 3077 1164 3137 consilium

1002 3175 1034 3235 et
1051 3176 1155 3252 probo.

106 3272 166 3331 Lr.
209 3269 291 3342 Quid
305 3289 362 3346 ego
374 3270 510 3348 ineptus,
522 3267 597 3329 dr'rm
613 3288 786 3329 sermonem
802 3270 910 3330 uereor
925 3270 1164 3350 interrr'unpere,

107 3368 200 3429 Sdlus
215 3373 264 3427 sto
278 3385 334 3428 nec
349 3367 433 3446 qued
446 3372 575 3426 conatus
597 3386 666 3428 sum
689 3367 779 3443 egere
794 3371 878 3442 ago?
922 3367 1074 3428 Homines
1097 3369 1166 3428 cen·

1045 3465 1162 3543 loquar.
1180 3491 1237 3539 1¹50

871 3559 995 3640 [Comes
1002 3562 1163 3643 formaret]
