2720 3994
471 295 608 346 PLAVTI
630 295 852 348 TRINVMMVS

132 469 192 527 Pu.
236 468 288 528 Ita
301 465 337 526 ui
351 485 434 527 nunc
448 466 538 542 dicis,
552 469 614 527 nen
630 487 698 528 esse
713 467 963 546 aequiperebiles

131 565 262 624 Vostres
276 583 347 623 cum
362 563 478 624 nostm's
492 563 647 624 sectiones
662 565 756 642 etque
771 566 872 641 opes?

132 662 188 720 Lu.
230 661 317 721 Dice.
381 660 441 719 Pu.
483 659 566 730 Quid
593 663 702 720 nuno?
765 660 799 721 Si
823 661 857 720 in
881 662 991 722 aedem
1012 663 1054 724 ad
1078 683 1185 725 cenam

1060 761 1186 822 ueneris

131 849 238 934 Atque
252 853 297 916 sbi
310 854 478 934 opulentus
492 853 553 918 tibi
566 874 624 934 par
637 855 720 916 forte
735 855 915 918 obuenerit:

133 951 302 1031 (Adpesita
315 971 392 1014 cena
406 951 449 1012 sit
463 952 644 1030 popularem
658 953 752 1030 quem
767 955 906 1031 uocant),
1198 983 1242 1027 470

132 1049 167 1110 Si
182 1049 231 1109 illi
244 1056 409 1124 congestae
423 1051 489 1110 sint
502 1049 614 1127 epulae
628 1067 647 1110 a
660 1049 854 1110 cluentibus:

133 1145 166 1206 si
180 1145 257 1223 quid
271 1145 330 1207 tibi
345 1145 468 1222 placeat
481 1145 565 1223 qued
578 1145 628 1206 illi
643 1144 824 1222 congestim
839 1145 910 1222 siet,

130 1241 249 1302 Edisne
264 1261 304 1303 an
320 1243 481 1303 incenetus
497 1261 567 1302 cum
582 1243 732 1320 opulento
745 1243 900 1303 eooubes?

131 1340 186 1398 Lu.
229 1339 333 1414 Eum,
348 1339 410 1400 nisi
425 1339 452 1400 si
467 1339 523 1399 ille
536 1341 633 1400 uetet.
699 1339 748 1400 Sr.
792 1342 837 1400 At
861 1339 913 1418 pol
929 1359 996 1417 ego,
1011 1340 1073 1402 etsi
1086 1347 1184 1418 notet,

130 1436 225 1495 Edim
240 1437 334 1514 etque
349 1435 499 1497 ambabus
515 1436 607 1497 melis
622 1435 757 1514 expletis
771 1455 888 1512 uorem,
1197 1463 1241 1510 47⁵

130 1534 174 1592 Et
188 1533 270 1610 qued
283 1532 334 1591 uli
348 1533 479 1610 placeat,
494 1533 682 1611 praeripiam
697 1532 923 1611 potissumum:

130 1630 243 1706 Neque
255 1628 306 1688 llli
319 1630 485 1690 concedam
500 1629 666 1707 quicquam
682 1631 721 1689 de
735 1630 803 1690 uite
817 1649 893 1690 mea

130 1725 343 1786 Verecundari
358 1727 514 1785 nemiuem
530 1726 615 1804 apud
629 1727 767 1788 mensem
784 1727 882 1803 decet,

129 1823 162 1882 N
163 1841 214 1882 am
229 1821 273 1882 ibi
287 1823 327 1882 de
341 1822 457 1884 diuinis
472 1824 566 1900 etque
581 1821 728 1884 humanis
742 1823 889 1884 cernitur.

130 1920 191 1978 Pu.
234 1920 315 1982 Rem
329 1919 481 1980 febulare.
546 1919 597 1980 Sr.
640 1920 714 1980 Neu
727 1919 788 1980 tibi
803 1920 905 1982 dicem
919 1921 1008 1982 dolo:
1046 1950 1049 1956 ·
1197 1935 1243 1992 4⁸⁰

130 2017 287 2076 Decedam
301 2035 359 2092 ego
372 2016 421 2075 illi
436 2017 475 2076 de
489 2017 551 2092 uia,
567 2018 606 2076 de
621 2016 742 2093 semita,

15 2183 22 2194 ,
130 2113 179 2172 De
194 2113 309 2173 honere
323 2113 449 2191 populi3
471 2114 579 2174 uerum
595 2113 678 2192 quod
693 2114 733 2174 ad
748 2120 888 2175 uentrem
904 2114 1029 2192 ettinet,

129 2209 202 2269 Non
219 2209 322 2272 hercle
335 2209 394 2270 hoc
409 2209 509 2286 longe,
524 2209 586 2270 nisi
601 2230 651 2270 me
665 2209 780 2288 pugnis
794 2209 914 2271 uicerit.

129 2307 216 2368 Cena
229 2306 288 2367 hec
302 2313 457 2366 annonast
471 2307 538 2382 sine
553 2307 650 2368 sacris
666 2307 832 2368 hereditas.

3 2449 6 2458 .
129 2404 191 2463 Pu.
234 2403 363 2482 Semper
377 2409 413 2463 tu
427 2404 485 2464 hoo
500 2403 607 2478 facito,
622 2403 804 2478 Lesbonico,
820 2404 948 2482 cogites,
1196 2417 1240 2474 485

129 2500 168 2559 Id
184 2502 346 2578 eptumum
362 2518 430 2560 esse
444 2499 513 2560 trite
526 2500 575 2560 uti
590 2499 634 2560 sis
649 2502 813 2578 eptumus:

131 2596 164 2657 Si
180 2596 213 2656 id
227 2598 372 2674 nequeas,
388 2596 501 2657 saltem
516 2604 552 2656 ut
565 2599 703 2675 optumis
718 2595 762 2658 sis
778 2599 957 2674 presumas.

128 2694 223 2753 Nunc
245 2692 460 2758 cendicionem
486 2693 577 2769 hanc,
601 2713 695 2772 quam
720 2693 777 2770 ego
801 2694 870 2754 fero
895 2701 927 2755 et
951 2714 1047 2774 quam
1070 2695 1126 2758 abs
1151 2696 1183 2756 te

1098 2799 1182 2871 9³³⁰,

1201 2912 1214 2943 0

128 2889 212 2948 Dare
226 2889 320 2966 etque
334 2887 483 2966 accipere,
497 2887 678 2964 Lesbonico,
693 2888 725 2948 te
739 2887 820 2948 uolo.

127 2983 171 3043 Di
186 2984 302 3046 diuites
317 2990 400 3059 sunt,
415 2985 490 3045 dees
505 2985 617 3046 decent
632 2984 811 3063 opulentiae
1194 3009 1240 3054 490

127 3081 171 3141 Et
185 3081 347 3156 sectiones,
362 3082 472 3140 uerum
486 3100 542 3142 nos
558 3081 740 3142 homunculi

128 3176 277 3238 Satsslum
292 3177 409 3237 animai
424 3176 479 3254 qui
493 3198 586 3255 quom
601 3177 761 3255 extemplo
772 3177 946 3254 emisimus,

127 3275 238 3352 Aeque
253 3274 413 3334 mendicus
428 3275 521 3350 etque
535 3274 591 3334 ille
605 3274 872 3352 opulentissumus

127 3370 280 3431 Censetur
294 3389 389 3430 censu
403 3370 444 3430 ad
457 3354 674 3430 Acheruntem
691 3372 837 3433 mertuos.

128 3466 178 3527 Su.
221 3465 340 3528 Mirrim
354 3466 432 3544 quin
446 3473 481 3526 tu
496 3467 552 3527 illo
566 3467 669 3527 tecum
684 3466 815 3528 diuities
830 3468 924 3528 feras.

125 3562 188 3623 Vbi
203 3564 341 3626 mertuos
356 3563 409 3638 sis,
425 3561 471 3624 ita
484 3563 527 3626 eis
542 3569 579 3624 ut
592 3563 703 3626 nomen
719 3562 812 3628 cluet.
