2720 3994
174 259 215 327 28
512 269 648 322 rusum
671 267 894 322 rnrrvunvs

172 447 232 508 Lu.
278 426 335 508 Ᾰιι
356 443 390 506 id
411 451 459 506 est
481 462 599 524 sapere,
620 450 656 504 ut
685 443 740 522 qui
761 443 945 504 beneficium
974 460 994 505 a
1020 443 1227 504 beneuolenrs

1052 539 1227 617 repudies?

173 641 229 699 Lo.
271 639 404 700 Nr'rllum
418 639 604 700 beneficium
626 639 694 699 esse
709 639 788 699 duco
808 638 842 698 id
864 638 947 716 quod
961 636 1035 715 quoi
1050 636 1149 696 facias
1164 637 1227 695 non

1113 733 1226 811 placet.

174 833 244 894 Soio
258 853 315 910 ego
329 840 361 894 et
376 833 477 894 sentio
492 833 560 912 ipse
574 834 651 911 quid
665 853 764 909 agam,
777 834 878 910 neque
889 849 977 892 mens
989 829 1090 890 officio
1100 830 1227 906 migrat,

115 948 160 1004 640
172 932 240 991 Neo
253 931 319 991 tuis
333 931 473 1009 depellar
488 931 583 991 dietis
599 930 676 1008 quin
690 931 808 990 rumori
824 929 966 990 seruiam.

172 1029 230 1087 Lu.
273 1027 356 1099 Quid
376 1023 451 1088 ais?
473 1028 555 1087 Nam
578 1026 707 1087 retineri
728 1045 848 1104 nequeo
870 1026 947 1104 quin
969 1026 1070 1086 dioam
1091 1039 1227 1103 eaquae

1048 1124 1226 1200 promereat

172 1203 245 1281 itan
260 1222 386 1282 tandem
400 1220 481 1281 hano
496 1221 640 1281 maiidres
656 1221 774 1281 famam
789 1221 990 1281 tradiderunt
1005 1219 1064 1280 tibi
1078 1218 1134 1295 tui,

172 1301 216 1379 Vt
230 1319 349 1378 uirtute
363 1337 469 1377 eorum
483 1319 649 1396 anteparta
662 1319 717 1396 pe‘r
732 1317 886 1394 flagitium
902 1319 1057 1396 perderes,

173 1400 283 1494 Atque
297 1415 407 1475 honori
422 1417 617 1492 posterorum
631 1416 754 1474 tuorum
770 1420 806 1474 ut
820 1415 937 1474 uindex
951 1413 1117 1522 llere‘s-ld

115 1527 159 1582 645
173 1511 244 1572 Tibi
259 1517 409 1589 paterque
424 1513 560 1588 auosque
575 1511 702 1571 facilem
716 1512 794 1571 fe‘oit
809 1519 840 1570 et
854 1510 980 1589 planam
994 1530 1079 1570 nram

172 1592 228 1668 Ᾰᾶ
243 1608 457 1686 quaerundum
473 1607 638 1667 honorem:
660 1615 696 1667 tu
711 1607 817 1668 fecisti
831 1614 867 1668 ut
882 1607 1017 1668 difficilis
1031 1608 1123 1684 foret,

173 1703 274 1783 Oirlpa
287 1723 432 1764 maxume
447 1705 478 1765 et
493 1705 615 1764 desidia
629 1701 754 1782 tuisque
770 1705 878 1765 stultis
894 1705 1039 1765 moribus.

171 1801 405 1879 Praellptauisti
419 1802 554 1861 amorem
570 1807 657 1860 tuom
673 1803 719 1860 uti
734 1801 847 1861 uirtuti
862 1802 1077 1879 praeponeres.

172 1897 265 1958 Nimo
278 1904 310 1957 te
324 1897 383 1957 hoo
398 1895 484 1957 laeto
496 1897 599 1957 eredis
614 1915 706 1976 posse
724 1899 869 1976 optegere
884 1897 1012 1958 errata?
1052 1899 1139 1960 Aha!
1162 1901 1225 1959 non

1138 1997 1216 2056 itast

115 2107 160 2164 650
172 2092 255 2170 Cape
270 2091 314 2152 sis
328 2091 479 2151 uirtutem
493 2091 598 2152 animo
612 2099 643 2152 et
657 2093 748 2152 oorde
763 2092 884 2170 expelle
899 2093 1051 2153 desidiam
1064 2099 1128 2153 tuo.

171 2171 211 2248 ln
226 2189 295 2248 foro
309 2205 436 2266 operam
450 2189 559 2249 amieis
575 2189 623 2264 da,
638 2207 677 2249 ne
692 2190 724 2248 in
739 2190 822 2249 lento
837 2187 962 2264 amidae,
977 2197 1014 2250 ut
1028 2190 1139 2250 solitus
1153 2207 1195 2264 es.

172 2269 283 2363 aitque
311 2284 408 2345 istum
436 2303 492 2362 ego
520 2303 629 2360 agrum
657 2281 717 2346 trlri
738 2285 875 2364 relinqui
896 2287 935 2346 ob
956 2303 1025 2346 earn
1046 2303 1111 2345 rem
1132 2301 1224 2346 enixe

1102 2383 1225 2460 expeto,

171 2463 216 2541 Vt
230 2479 289 2539 tibi
304 2479 347 2540 sit
361 2479 416 2557 qui
430 2480 462 2539 te
477 2479 630 2556 corrigere
645 2481 755 2558 possis,
771 2499 810 2540 ne
825 2479 951 2540 omnino
965 2480 1102 2558 inopiam

172 2576 266 2637 Ciues
280 2576 434 2636 obiectare
448 2576 571 2653 possint
584 2576 644 2636 tibi
658 2596 735 2654 quos
750 2582 786 2637 tu
800 2575 942 2637 inimicos
956 2575 1062 2636 habes.

116 2687 159 2742 ⁶55
173 2675 228 2768 Im.
273 2659 387 2733 Omnia
401 2689 457 2748 ego
466 2679 564 2733 Istaec
574 2674 653 2750 quae
664 2679 698 2733 tu
711 2673 792 2733 dixti
807 2673 879 2748 scio,
888 2673 939 2732 uel
953 2673 1166 2749 exsignauero,

172 2772 217 2830 Vt
230 2789 294 2829 rem
310 2769 445 2847 patriam
459 2776 491 2829 et
505 2767 636 2846 gloriam
651 2769 803 2830 maiorum
819 2769 971 2830 foedarim
990 2787 1101 2829 meum.

174 2867 297 2926 Scibam
310 2872 347 2925 ut
361 2883 429 2925 esse
445 2866 494 2924 me
508 2865 640 2941 deceret,
655 2865 758 2926 faeere
772 2885 835 2925 non
849 2867 974 2944 quibam
989 2867 1101 2926 miser:

172 2945 225 3022 ita
237 2961 271 3021 ui
283 2961 417 3022 Veneris
431 2961 566 3036 uinctus,
582 2961 646 3022 otio
661 2964 753 3041 aptus
769 2964 803 3022 in
818 2964 961 3025 fraudem
975 2962 1089 3024 lnoidi:

171 3043 217 3120 Et
230 3057 290 3118 tibi
303 3077 387 3118 nuno
401 3057 531 3137 proinde
545 3057 581 3119 rit
595 3077 712 3120 merere
728 3059 865 3120 summas
880 3059 978 3121 habeo
993 3060 1119 3136 gratias.

116 3167 160 3211 660
172 3156 231 3216 Im.
273 3137 323 3216 Ᾰι
334 3173 458 3233 operam
470 3156 571 3234 perire
583 3175 681 3217 meam
695 3156 739 3217 sio
751 3159 783 3217 et
794 3162 825 3217 te
834 3156 910 3217 haee
921 3158 1012 3217 eorde
1024 3157 1173 3235 spernere

172 3252 299 3331 Ptrpeti
314 3253 443 3329 nequeo,
459 3253 553 3312 simul
567 3271 616 3312 me
631 3252 717 3332 piget
732 3273 842 3332 parum
857 3255 974 3332 pudere
988 3259 1028 3313 te.

171 3333 216 3411 Et
230 3355 397 3427 postremo,
412 3348 473 3408 nisi
489 3349 533 3408 mi
547 3350 705 3410 auscultas
720 3351 814 3429 atque
827 3351 887 3410 hoo
900 3358 936 3410 ut
951 3349 1020 3410 dico
1033 3349 1126 3427 faois,

172 3445 254 3505 Trito
268 3461 349 3523 pone
363 3445 395 3504 to
408 3444 520 3505 latebis
536 3446 638 3521 facile,
652 3465 692 3506 ne
708 3447 847 3507 inueniat
861 3453 893 3507 te
908 3448 1034 3507 Honor:

172 3525 213 3602 ln
227 3539 348 3601 tooulto
362 3540 485 3616 iacebis,
501 3559 594 3618 quom
608 3548 640 3601 te
655 3541 799 3602 maxume
813 3543 932 3602 olarirm
946 3543 1042 3604 uoles.

1248 1047 1359 1280 l
