2720 3994
491 267 626 318 runvrr
648 263 871 318 rnruvnuvs
1187 251 1208 317 5

149 441 241 500 Bona
254 437 360 500 ferinta
374 438 453 500 felix
468 439 692 516 fdrtunatuque
707 437 870 498 ‹inenat-

151 535 280 620 [Am'de]
326 537 432 614 Teque
462 533 499 596 rit
527 533 783 613 quamprimum
812 533 931 612 pdssim
959 533 1083 593 uideam
1111 533 1207 592 emdr·

1108 633 1204 691 tuum.

150 731 218 792 Mn.
263 729 327 791 Hie
339 729 396 790 ille
411 730 468 806 eet,
484 735 610 790 senecta
623 728 727 790 netdte
741 727 796 806 qui
810 724 930 788 faetdst
943 743 1030 804 puer,

150 827 212 898 Qui
226 826 355 888 admisit
368 825 402 886 iu
417 845 451 887 ee
464 825 588 905 ndlpnm
604 825 830 901 cestigdbilem.

150 923 327 1000 Adgrediar
339 923 506 983 hominem.
569 923 627 984 Oe.
669 921 770 993 Qudia
780 921 831 981 hic
843 939 905 981 uox
919 939 1016 998 prope
1025 919 1076 980 md
1086 921 1246 995 eonat?45

150 1021 216 1079 Mn.
258 1019 319 1079 Tui
332 1019 558 1096 bdueuoleutin,
574 1018 603 1082 si
616 1019 663 1079 ita
678 1037 711 1079 es
726 1025 762 1078 ut
777 1035 833 1094 ego
847 1017 880 1078 te
893 1016 981 1078 uolo:

120 1126 123 1131 “
151 1116 209 1176 Sin
223 1115 315 1176 dliner
329 1135 373 1192 ee,
388 1115 509 1178 inimici
524 1121 618 1193 etque
633 1114 707 1176 irati
721 1113 788 1175 tibi

150 1213 208 1274 Cn.
251 1211 400 1286 Oemice,
416 1212 512 1288 selue,
531 1211 536 1295 Ι
554 1213 648 1290 ‘itque
664 1211 813 1290 aequalis.
854 1195 898 1274 it
912 1211 1009 1287 unies,

28 1319 43 1350 ⁸
151 1310 396 1384 Megarduides?
458 1311 522 1368 Mn.
565 1310 608 1369 Et
622 1315 657 1370 tu
672 1309 782 1388 edepol
797 1309 893 1384 salue,
908 1307 1062 1370 callicles.

150 1407 209 1468 CA.
250 1406 379 1467 Valen?
420 1406 607 1468 Valuistin?
659 1407 724 1466 Mn.
766 1406 865 1468 leeo
879 1413 912 1466 et
925 1405 1012 1465 ualui
1027 1405 1151 1466 tentius.
1215 1432 1246 1480 50

150 1503 208 1564 On
250 1502 332 1574 Quid
359 1501 416 1564 tria
442 1503 508 1580 agit
535 1506 640 1564 uxor?
681 1487 725 1566 v't
749 1503 863 1564 ualet?
905 1503 969 1562 Mn.
1005 1500 1084 1562 Plus
1109 1520 1203 1579 quem

1051 1598 1108 1676 ego
1121 1598 1202 1660 u010.

150 1698 208 1758 Oe
251 1699 336 1758 Bene
349 1698 454 1759 hercle
468 1704 518 1760 est
531 1699 619 1759 illam
634 1697 694 1760 tibi
707 1698 814 1759 ualere
828 1705 861 1758 et
875 1695 990 1758 uiuere.

150 1795 215 1854 Mn.
258 1795 358 1856 Credo
372 1795 477 1856 hercle
491 1802 523 1855 te
538 1796 683 1871 gaudere,
698 1795 817 1872 siquid
832 1793 911 1854 mssri
926 1793 1000 1854 mali
1015 1799 1072 1854 est.

151 1890 208 1951 CA.
251 1891 404 1952 Omnibus
418 1891 527 1952 amieis
542 1893 625 1968 qudd
639 1891 719 1951 mihi
732 1897 781 1952 est
795 1891 887 1968 cupio
901 1891 969 1951 esse
984 1889 1076 1949 idem.

151 1989 216 2047 Mn.
257 1987 328 2048 Eho
341 1987 385 2062 tri,
395 1995 451 2048 tue
464 2007 543 2048 uxor
557 1987 635 2065 quid
649 1988 744 2064 agit?
785 1987 855 2049 ,ΟΕ
893 1986 1086 2046 immortdlis
1101 1991 1166 2046 est:
1216 2011 1246 2060 55

150 2083 240 2144 Viuit
254 2085 436 2162 uictumque
451 2086 507 2146 est.
571 2087 634 2144 Mn.
679 2085 763 2144 Bene
777 2083 881 2144 hercle
895 2080 1032 2158 mintius,

21 2211 26 2220 ·
150 2182 296 2258 Deosque
310 2183 365 2241 dro
378 2189 415 2241 ut
427 2182 511 2242 uitae
525 2183 599 2242 tuae
613 2187 772 2259 superstes
788 2185 945 2258 suppetat.

151 2277 208 2338 Cn.
251 2273 333 2338 Dum
350 2277 474 2356 quidem
489 2278 594 2338 hercle
608 2285 712 2339 tecum
727 2277 827 2356 nupta
840 2277 892 2352 sit,
907 2277 981 2337 sane
996 2277 1102 2338 uelim.

151 2375 215 2433 Mn.
257 2374 588 2437 Vinedmmutemus?
629 2375 726 2436 Trium
743 2394 800 2451 ego
814 2375 924 2434 ducem
941 2371 1161 2433 ettrimenm?

151 2473 237 2530 Faxo
252 2470 336 2532 hndd
350 2472 511 2532 tantillum
526 2473 650 2533 dederis
666 2469 832 2532 uerborrim
847 2470 936 2531 mihi.
1099 2493 1102 2500 ⁴
1216 2485 1248 2530 60

152 2568 208 2628 CA.
251 2569 396 2646 Namque
410 2569 493 2630 enirn
509 2576 554 2643 tu,
569 2570 670 2643 credo,
687 2589 735 2628 me
750 2568 971 2646 inprudentem
985 2567 1169 2646 obrepseris.

151 2665 215 2724 Mn.
257 2666 307 2725 Ne
321 2670 357 2726 tu
371 2666 476 2727 hercle
490 2667 566 2727 faxo
580 2667 664 2727 haud
678 2665 800 2726 nescias
815 2684 907 2742 quam
923 2670 989 2724 rem
1004 2664 1112 2740 egeris.

152 2763 208 2823 Cu.
252 2763 379 2823 Habeds
393 2769 429 2823 ut
443 2765 603 2825 nenetu's:
625 2765 700 2824 neta
715 2763 798 2823 mela
811 2780 860 2822 res
875 2763 1042 2839 dptumast.

151 2859 235 2919 Nam
249 2878 305 2935 ego
319 2859 402 2920 ruine
416 2859 444 2921 si
458 2861 597 2937 ignotam
613 2860 744 2938 cupiam,
759 2858 837 2938 quid
851 2877 942 2935 agam
958 2858 1104 2920 nescium.

152 2957 217 3016 ΜΕ.
258 2957 379 3035 Edepdl
395 2957 526 3036 proinde
541 2965 576 3018 ut
590 2958 668 3018 bene
683 2956 813 3030 uiuitur,
829 2955 884 3017 diu
899 2955 1027 3016 uiuitur.
1217 2968 1247 3028 65

154 3052 214 3113 Sed
228 3052 287 3113 hoe
301 3053 441 3114 dnimum
457 3054 587 3115 aduorte
601 3061 695 3131 atque
710 3053 800 3114 adfer
814 3051 1012 3127 ridiculdri23

152 3150 235 3210 Nam
249 3167 307 3226 ego
321 3151 428 3211 dedita
443 3169 537 3229 opera
550 3151 611 3210 hue
625 3151 666 3211 dd
681 3156 712 3210 te
725 3148 826 3209 uenio.
890 3149 947 3210 On.
990 3147 1072 3219 Quid
1086 3148 1205 3210 uenis?

152 3245 218 3304 Mn.
259 3245 355 3308 Malis
369 3253 401 3307 be
415 3253 452 3307 ut
465 3247 571 3308 uerbis
587 3245 695 3307 miritis
713 3246 847 3306 multum
862 3244 1044 3321 obiurigem.

153 3342 210 3402 ΟΔ.
252 3343 356 3403 Mdn?
417 3345 482 3403 Mn.
523 3343 682 3421 Numquis
694 3350 742 3403 est
753 3342 805 3401 hie
816 3342 897 3403 nlius
911 3347 1034 3421 praeter
1048 3362 1098 3402 me
1112 3343 1206 3419 dique

1147 3443 1205 3498 te?

154 3536 210 3598 en.
253 3537 285 3596 N
287 3538 396 3597 emdst.
440 3538 507 3596 Mn.
551 3535 633 3607 Quid
644 3536 787 3612 tuigitur
797 3534 915 3612 rdgitas
927 3541 998 3595 tene
1010 3534 1205 3610 obiririgem?
1219 3561 1248 3604 70
