2720 3994
474 272 612 324 rcnvm
633 257 873 325 rrrunvuuvs'
1150 261 1192 328 27

133 429 179 509 Vt
194 465 269 522 agro
283 450 405 506 euortat
419 444 636 521 Lesbonicum,
653 445 778 524 qudndo
792 445 907 507 euortit
922 445 1060 532 aedibus.

136 531 164 604 O
180 563 231 604 ere
246 543 440 616 Charmides,
456 562 549 620 quom
565 542 688 604 absenti
703 541 755 602 hic
769 540 825 603 tria
838 562 887 604 res
902 542 1090 604 distrahitur
1104 543 1174 620 tibi,

134 624 265 702 Vtinam
281 646 312 700 te
326 638 458 700 rediisse
472 639 591 700 saluom
606 638 739 713 uideam,
755 646 791 699 ut
806 640 950 700 inimicos
965 645 1036 701 tuos

135 723 304 811 Vlciscare
320 743 354 796 ut
368 736 457 811 mihi,
472 743 508 796 ut
522 755 595 812 erga
608 743 640 796 te
656 735 704 794 fui
719 743 751 796 et
765 755 843 812 sum,
858 737 977 798 referes
992 737 1143 814 gretiam!

134 837 279 898 Nimium
294 833 453 893 difficilest
466 833 596 911 reperiri
611 832 745 892 amicum
760 833 806 894 ita
819 841 856 892 ut
869 835 982 893 nomen
996 835 1089 910 cluet,
1202 863 1248 908 5„

135 932 216 1006 Quoi
229 939 317 993 tuam
331 950 422 1010 quom
439 931 504 990 rem
518 929 697 1004 credideris,
713 929 780 989 sine
795 929 879 990 omni
894 915 969 991 cura
983 932 1127 994 dormias.

137 1030 199 1092 scd
214 1048 361 1106 generum
376 1031 516 1088 nostrum
532 1026 576 1087 ire
592 1026 734 1088 eccillum
748 1027 841 1086 uideo
856 1045 926 1087 cum
940 1027 1039 1088 adfini
1053 1047 1118 1090 suc.

135 1126 329 1204 Nescioquid
343 1144 405 1184 non
421 1123 498 1186 sdtis
514 1124 663 1183 intereos
678 1124 840 1183 conuenit:
863 1123 958 1183 celeri
971 1125 1071 1200 gradu

136 1223 223 1284 Eunt
237 1230 378 1300 uterque,
393 1220 448 1281 ille
459 1221 661 1298 reprehendit
674 1219 758 1279 hrinc
772 1219 908 1297 priorem
922 1221 1028 1298 petilio.

137 1319 234 1381 Harid
247 1317 447 1379 ineuscheme
460 1316 638 1378 dstiterunt.
681 1314 754 1376 Hdc
765 1316 963 1394 aliquantum
972 1318 1166 1380 abscessero:
1203 1345 1246 1402 ⁶25

135 1401 197 1478 nst
211 1415 320 1478 lubido
334 1413 507 1475 emtionem
521 1412 629 1475 audire
643 1413 777 1474 duorum
790 1411 958 1474 adfinium.

958 1510 1065 1592 [Sceps
1078 1515 1189 1596 acide]

596 1691 695 1747 Scunu
713 1692 730 1746 2

337 1871 526 1932 Lrsrrunus.
568 1871 781 1930 Lussosrovs.
826 1869 990 1932 Srssruvs

253 2031 368 2114 [Ecter
373 2036 460 2109 from
475 2033 521 2091 the
535 2033 622 2110 rtyitt,
637 2033 784 2107 Lysiteles
799 2034 862 2090 and
875 2031 1086 2116 Lesbonicus]

136 2195 196 2254 Lr.
241 2193 296 2253 Sta
309 2191 398 2253 ilico:
421 2191 487 2252 noli
502 2191 642 2252 duorsari
657 2193 758 2270 neque
772 2197 804 2251 te
819 2191 1004 2253 occultassis
1022 2192 1110 2253 mihi.

136 2292 193 2351 Lu.
237 2290 331 2350 Potin
345 2296 381 2350 ut
396 2307 445 2348 me
459 2288 505 2348 ire
526 2290 587 2366 quo
608 2289 768 2366 profectus
790 2287 859 2349 siim
881 2289 994 2350 sinas?
1056 2291 1114 2351 Lu.
1158 2288 1194 2351 si

969 2385 1081 2446 iurem
1096 2392 1192 2462 tuam,

137 2482 317 2557 Lesbonico
333 2484 401 2543 esse
415 2481 568 2557 uideatur,
584 2481 701 2558 gloriae
716 2488 771 2542 cut
785 2483 897 2556 famae,
913 2482 1023 2543 sinam.

136 2582 194 2640 Lu.
237 2576 707 2655 Quodestfecillumrim‚fccis!
769 2578 829 2638 Lu.
871 2578 953 2649 Quid
964 2579 996 2638 id
1009 2580 1080 2640 est?
1136 2582 1191 2641 Lu.

910 2675 1022 2736 Amico
1036 2675 1191 2738 inidriam.
1206 2697 1251 2754 630

138 2774 198 2834 Lu.
240 2772 353 2850 Neque
373 2777 508 2832 meumst
528 2791 630 2850 neque
649 2773 753 2832 fecere
773 2772 881 2834 didici.
944 2773 999 2832 Im.
1043 2773 1193 2834 Indoctus

884 2888 977 2948 quam
992 2870 1082 2929 docte
1096 2869 1193 2931 facist

138 2964 222 3038 Quid
236 2966 366 3042 faceres,
380 2966 406 3026 si
422 2966 493 3044 quis
508 2966 667 3027 docuisset
680 2973 713 3026 te
728 2965 764 3026 dt
780 2967 825 3027 sic
839 2966 911 3026 odio
925 2967 1009 3026 esse's
1026 2965 1130 3025 mihi?

139 3064 227 3123 Bene
241 3082 334 3140 quom
351 3063 480 3123 simulas
495 3063 598 3124 fecere
613 3063 693 3122 mihi
705 3070 745 3139 te,
758 3064 838 3123 indle
849 3063 938 3138 facis,
951 3062 1032 3123 male
1046 3063 1192 3124 consulis.

139 3161 199 3222 Lu.
239 3143 371 3236 Egone?
432 3159 489 3219 Lu.
535 3161 630 3219 Tune.
692 3162 749 3220 Lr.
792 3159 1076 3232 Quidmalefacio?
1137 3161 1193 3221 Lu.

678 3256 766 3328 Quod
781 3276 839 3334 ego
852 3256 933 3331 nolo,
949 3256 982 3315 id
997 3258 1089 3334 quom
1104 3257 1192 3318 facis.

140 3355 203 3414 Lu.
246 3353 332 3414 Tuae
350 3353 396 3413 rei
414 3353 492 3414 bene
508 3352 668 3414 consulere
690 3355 791 3432 cupio,
855 3355 910 3413 Lu.
953 3353 1003 3412 Tu
1027 3355 1059 3414 es
1084 3353 1195 3415 melior

842 3469 936 3526 quam
951 3451 1073 3526 egomet
1087 3451 1195 3512 mihi?
1208 3465 1252 3525 635

143 3547 199 3609 set
213 3541 311 3626 sepio,
327 3547 406 3608 satis
420 3545 453 3606 in
467 3565 533 3606 rem
548 3567 626 3625 quae
642 3547 707 3608 sint
721 3547 822 3608 meam
836 3565 894 3623 ego
908 3546 1066 3625 conspicio
1080 3549 1168 3610 mihi.
