2662 3988
182 271 225 338 52
521 285 660 336 rnuvrr
681 287 904 338 rumvuuvs

183 455 241 517 On.
284 455 360 528 Quis
371 456 423 517 hie
441 462 489 518 est
506 457 561 535 qui
577 458 638 518 huo
657 459 698 518 ad
714 460 771 518 nds
789 457 933 520 incedit?
995 459 1055 520 Lr.
1098 459 1242 521 Chdrmi-

221 621 223 626 ,
908 555 978 615 dem
994 555 1133 616 socerum
1149 576 1242 616 suom

182 649 340 731 Lysiteles
353 649 477 711 saldtat.
541 651 601 712 Cn.
647 651 688 710 Di
703 652 780 711 dent
794 651 862 727 tibi,
875 652 1040 730 Lysiteles,
1051 653 1131 730 quad
1146 653 1240 714 uelis.

182 745 238 806 Cn.
281 746 354 808 Ndn
386 763 443 820 ego
471 764 540 804 sum
568 744 680 806 sallitis
709 744 849 821 dignus?
912 747 970 805 Lr.
1012 729 1115 808 immo
1140 749 1240 826 salue,

325 894 329 904 .
1078 842 1239 904 Callicles

182 937 278 999 Himo
291 939 425 1016 priorem
441 940 604 1016 aequdmst
618 959 667 1000 me
681 939 812 1000 habere:
835 938 943 999 timisa
957 939 1082 1018 propior
1097 939 1239 1018 pdlliost.

113 1059 167 1106 1155
182 1035 238 1096 cr.
281 1036 364 1096 Dede
379 1036 450 1095 uolo
465 1035 597 1095 eonsssia
609 1041 717 1096 uestra
730 1037 814 1095 vdbis
828 1042 910 1095 reete
924 1038 1055 1097 ndrtere.

181 1132 240 1192 Cn.
283 1132 396 1192 Fssiam
414 1152 514 1192 meam
530 1131 588 1192 tsbi
604 1132 791 1211 desponsam
811 1151 878 1194 esse
896 1131 999 1194 aridio.
1061 1134 1120 1192 Lr.
1163 1134 1242 1194 Nisi

1086 1229 1122 1290 tri
1136 1232 1239 1291 neuis.

180 1324 241 1387 On.
282 1308 384 1388 immo
398 1327 484 1387 haud
498 1327 578 1387 nolo.
642 1327 700 1388 ΙΝ.
745 1326 892 1404 Sponden
909 1345 982 1403 ergo
1000 1327 1087 1387 tuum
1107 1334 1239 1404 gnatam

979 1425 1107 1484 uxorem
1129 1425 1239 1484 mihi?

181 1521 240 1582 011.
285 1521 436 1598 Spdndeu
458 1527 490 1581 et
510 1520 597 1580 mille
618 1520 686 1581 ariri
707 1520 893 1598 Philippum
919 1520 1010 1582 dotis.
1073 1522 1133 1580 Lr.
1178 1523 1241 1582 Do

983 1624 1047 1678 tem
1061 1617 1107 1676 nss
1122 1637 1237 1678 moror.

182 1715 240 1775 Cu.
284 1714 317 1774 si
339 1713 395 1774 illa
415 1713 474 1774 tibi
494 1715 605 1792 placet,
620 1714 774 1792 placenda
790 1715 846 1776 dds
864 1733 987 1792 quoque
1005 1719 1053 1776 est
1069 1733 1165 1792 quam
1182 1716 1240 1776 dut

1167 1812 1237 1873 tibi.

180 1909 345 1970 P6stremo
369 1909 453 1987 quod
481 1907 530 1968 riis
559 1927 622 1967 non
652 1908 755 1983 duoes,
779 1906 842 1968 nisi
870 1907 951 1967 Illud
980 1907 1064 1985 quod
1093 1927 1157 1967 non
1186 1907 1239 1969 riis

112 2013 169 2058 1160
1142 2005 1237 2066 feres.

182 2103 240 2164 Cn.
282 2101 337 2162 Iris
364 2102 417 2162 hio
444 2108 520 2162 oret.
584 2103 643 2162 ΙΝ.
687 2083 877 2179 impetrabit
903 2101 936 2162 te
964 2102 1115 2162 aduocato
1140 2108 1238 2179 atque
1327 2105 1328 2166 3

1108 2199 1238 2259 drbitro.
1327 2245 1328 2276 p

181 2278 266 2357 istae
280 2295 348 2371 lege
363 2295 466 2355 filiam
480 2301 566 2355 tuam
583 2295 719 2374 spdnden
735 2295 814 2354 mihi
828 2296 956 2355 uxorem
971 2295 1066 2355 dari?
1327 2285 1328 2330 1

182 2393 240 2454 cr.
280 2393 431 2470 Spdndeu
488 2393 546 2452 CA.
588 2393 630 2451 Et
645 2411 702 2468 ego
717 2393 854 2469 spdndeo
869 2391 951 2451 idem
966 2393 1033 2452 hoo.
1090 2393 1148 2452 Im.
1185 2393 1240 2454 Oh

878 2488 1005 2562 sdiuete,
1021 2488 1140 2549 adfines
1157 2490 1238 2550 mei!

182 2587 243 2648 CH.
287 2569 392 2663 ⁴itque
416 2585 525 2663 edepol
547 2592 622 2646 sunt
642 2586 700 2660 res,
717 2604 795 2662 quas
816 2591 943 2663 propter
964 2584 1024 2644 tibi
1042 2591 1148 2645 tamen
1171 2605 1240 2647 sus·

1117 2701 1238 2742 consur.

183 2782 243 2842 Lr.
284 2779 366 2851 Quid
397 2799 454 2856 ego
481 2777 570 2840 feei?
644 2777 703 2839 On.
747 2777 855 2838 Merim
884 2778 1040 2856 eorrumpi
1068 2778 1142 2856 quia
1170 2798 1240 2856 per·

982 2867 1103 2954 pessu's
1118 2875 1236 2936 filium.

182 2975 241 3036 ΙΝ.
285 2974 319 3035 Si
340 2973 373 3033 id
390 2992 459 3034 mea
480 2972 642 3033 uoluntdte
662 2972 822 3050 factumst,
838 2973 886 3033 est
907 2974 990 3050 quod
1011 2972 1091 3033 mihi
1112 2973 1239 3033 susodn·

229 3126 233 3135 ,
1152 3087 1235 3130 sees·

183 3168 245 3228 sed
264 3167 331 3228 sine
351 3185 400 3226 me
419 3167 477 3227 hoe
497 3167 552 3226 abs
572 3171 602 3225 te
619 3165 888 3248 impetrarequdd
908 3167 987 3226 uolo.
1050 3166 1109 3228 On.
1152 3166 1237 3236 Quid

845 3263 878 3322 id
893 3263 965 3323 est?
1029 3265 1087 3323 ΙΝ.
1131 3263 1236 3323 Scies:

184 3359 219 3420 Si
232 3359 310 3438 quid
325 3360 421 3420 stulte
436 3360 521 3434 feeit,
537 3364 573 3418 ut
587 3377 623 3418 es
637 3357 734 3419 missa
748 3358 845 3420 fauiae
861 3359 972 3420 omnia.

183 3455 265 3528 Quid
293 3473 423 3533 quassas
448 3455 568 3532 oapdt?
630 3454 687 3515 Cu.
731 3454 895 3515 Cruciatur
919 3457 971 3515 odr
995 3456 1039 3515 mi
1064 3461 1096 3516 et
1120 3462 1236 3515 metuo

841 3551 900 3610 Lr.
942 3551 1098 3623 Quidnam
1113 3551 1146 3612 id
1161 3555 1237 3613 est?
