2720 3994
160 279 179 343 8
305 255 311 270 ⁸
494 289 629 340 ruavrr
651 243 872 338 'rumvuuvs

158 462 270 540 Neque
284 463 323 522 de
338 460 395 522 sslo
410 461 577 540 quicquam
592 461 693 537 neque
708 477 826 519 emeres
840 477 941 536 neque
956 459 1116 534 uenderes‚

6 563 7 566 ’
105 585 146 633 135
160 561 225 624 Neo
241 559 295 637 qui
310 559 444 618 deterior
459 559 541 618 esset
557 557 676 617 faceres
690 557 819 634 cepiam.

160 656 398 717 inconciliastin
413 654 480 716 erim
498 654 553 732 qui
567 653 748 714 mandatr'rst
762 653 830 729 tibi,

160 755 220 814 Ille
233 753 290 833 qui
303 752 474 828 mandauit,
490 752 559 811 eum
575 750 749 812 exturbasti
764 769 802 810 ex
814 750 973 810 aedibus?

159 851 280 929 Edepel
295 850 477 910 mandatum
492 847 620 926 ptilchre
635 853 667 907 et
682 845 822 908 curetdm
838 847 950 925 probe!

160 949 258 1010 Crede
273 947 345 1007 huic
359 946 511 1006 tutelam:
528 946 615 1006 suem
630 945 742 1005 melius
756 963 819 1003 rem
836 944 975 1020 gesserit.

29 987 218 1178 ms,
261 1043 385 1120 Subigis
400 1041 576 1103 maledictis
590 1043 639 1102 me
654 1043 727 1116 tuis,
743 1041 971 1117 Megaronides,

160 1143 251 1202 Noud
266 1142 358 1200 modo
371 1141 447 1201 adeo
461 1146 497 1200 ut
511 1140 595 1218 qued
609 1157 696 1199 meae
710 1139 954 1199 concreditumst

160 1238 382 1299 Tacitdmitati
397 1238 486 1313 elem,
501 1236 563 1297 fide
578 1243 609 1296 et
623 1234 765 1312 fidriciae‚

159 1337 209 1396 Ne
224 1335 418 1395 emintiarem
433 1333 601 1412 quoiquam
616 1353 677 1393 neu
690 1334 825 1393 facerem
842 1332 955 1411 pelam,

159 1434 203 1495 Vt
218 1432 297 1492 mibi
311 1451 436 1492 necesse
452 1430 493 1492 sit
507 1431 569 1491 iam
585 1431 616 1490 id
631 1430 690 1490 tibi
705 1431 896 1490 concredere.
1021 1497 1022 1501 Ἰ

107 1562 148 1609 145
161 1531 226 1588 Mu.
269 1529 351 1588 Mihi
365 1529 448 1606 qued
463 1527 643 1602 credideris
659 1525 763 1588 sdmes
777 1527 831 1586 ubi
846 1525 1010 1604 posiueris.

161 1628 217 1686 Or.
262 1624 546 1703 Circdmspicedum
562 1630 603 1700 te,
618 1624 743 1702 nequis
758 1623 841 1684 adsit
856 1623 973 1684 erbiter

161 1722 270 1798 Nobis,
286 1728 317 1781 et
332 1740 446 1799 quaeso
460 1721 633 1781 identidem
645 1719 857 1798 circiimspice.
881 1756 884 1763 f

161 1821 225 1878 Ma.
268 1818 421 1880 Auscrilto
433 1818 459 1878 si
475 1818 551 1896 quid
564 1817 660 1878 dicas.
723 1817 780 1878 or.
824 1817 858 1877 Si
872 1818 985 1892 tacces,
1000 1818 1120 1895 loquar.

161 1916 312 1986 Quoniam
327 1914 401 1975 hinc
416 1921 464 1975 est
478 1914 676 1993 profecttirus
691 1932 818 1992 peregre
833 1914 1026 1989 Charmidea,

107 2012 375 2091 150Thensm'1rum
392 2012 619 2072 demonstreuit
630 2011 709 2070 mihi
724 2011 758 2070 in
771 2011 858 2072 hisce
872 2011 1010 2086 aedibus,

162 2109 224 2169 Hic
239 2108 271 2168 in
286 2109 426 2169 conclaui
442 2109 624 2186 quedam—
635 2107 690 2169 sed
705 2107 908 2185 circr‘rmspice
918 2143 960 2152 -

161 2206 225 2265 Mu.
260 2207 400 2266 Nemdst.
445 2207 757 2265 CA.—-nummoru1n
772 2204 1099 2283 Philippeumadtria
1114 2204 1209 2266 milia

161 2304 199 2362 Id
215 2303 299 2364 selus
315 2303 415 2362 solum
430 2303 485 2381 per
500 2301 670 2362 amicitiam
685 2308 717 2363 et
730 2302 786 2381 per
800 2301 895 2362 fidem

161 2401 255 2460 Fleuo
270 2419 319 2459 me
334 2399 510 2460 ebseorauit
524 2401 580 2460 sue
594 2417 634 2459 ne
649 2406 743 2476 gnato
759 2399 916 2459 crederem

107 2525 147 2573 155
161 2498 233 2556 Neu
246 2495 425 2575 quoiquam,
439 2497 523 2558 unde
538 2497 578 2557 ad
592 2515 663 2556 eum
679 2497 712 2555 id
724 2497 832 2575 pesset
846 2498 1089 2575 permanascere.

161 2593 254 2654 Nunc
269 2594 296 2654 si
311 2593 365 2653 ille
376 2593 439 2654 huc
453 2593 557 2654 saluos
572 2595 703 2668 reuenit,
719 2593 847 2654 reddam
861 2595 949 2654 suem
965 2593 1042 2654 sibi:

163 2691 196 2750 si
211 2689 288 2767 quid
302 2709 337 2749 eo
351 2690 458 2765 fuerit,
473 2691 557 2750 certe
571 2690 658 2750 illius
673 2690 762 2751 issiae

161 2788 245 2859 Quae
262 2786 339 2846 mibi
355 2788 541 2862 mandatam,
556 2786 656 2847 hebeo
671 2788 775 2848 dotem
793 2786 798 2870 Ι
816 2786 898 2846 rinde
914 2788 993 2862 dem,

160 2884 204 2944 Vt
218 2903 286 2943 eam
301 2883 333 2942 iu
350 2889 382 2944 se'
397 2884 523 2961 dignam
538 2884 752 2944 cendicionem
766 2884 931 2945 cenlocem.

106 2997 148 3041 160
161 2982 224 3042 Ma.
267 2983 329 3040 Pro
343 2982 376 3040 di
391 2981 592 3058 immortales,
606 2983 711 3043 uerbis
726 2982 832 3060 paucis
847 2982 940 3059 quem
955 2981 1019 3041 cito

160 3077 268 3137 Altum
283 3078 388 3140 fecisti
403 3082 468 3139 me!
510 3062 602 3142 „ilius
617 3081 657 3141 ad
671 3086 703 3140 te
718 3081 871 3139 ueneram.

162 3175 222 3234 Sed
237 3181 271 3235 ut
286 3176 442 3255 eccepisti,
458 3178 551 3256 perge
565 3197 658 3256 porro
673 3177 824 3256 preloqui.

160 3272 219 3333 CA.
264 3273 344 3344 Quid
359 3272 418 3334 tibi
433 3293 490 3350 ego
504 3275 615 3350 dicam,
631 3275 685 3352 qui
699 3274 786 3334 sslius
801 3273 988 3352 sapientiam

159 3371 203 3430 Et
216 3371 315 3430 meam
331 3371 516 3431 fidelitetem
531 3378 563 3432 et
576 3373 677 3432 celata
691 3373 795 3433 emnia
850 3424 852 3428 ,

105 3480 146 3538 165
159 3468 263 3528 Paene
278 3466 332 3527 ssle
348 3468 478 3544 ignauos
493 3468 638 3529 frinditus
654 3470 778 3547 pessum
794 3470 907 3529 dedit?

159 3565 223 3624 Mu.
266 3563 425 3634 Quidem?
467 3565 524 3626 CA.
566 3565 654 3641 Quia,
666 3565 732 3625 ruri
742 3565 816 3626 dum
828 3586 895 3626 sum
908 3584 965 3643 ego
975 3585 1053 3626 unos
1066 3566 1120 3626 sex
1132 3563 1209 3641 dies,
