2720 3994
54 3087 57 3094 ’
126 3083 188 3142 ΡΗ.
229 3082 275 3142 At
288 3087 325 3142 tu
338 3083 443 3143 hercle
458 3089 490 3144 et
503 3083 553 3144 illi
567 3088 599 3143 et
613 3082 699 3144 alibi.

468 299 604 349 PLAVTI
627 298 849 348 TRINVMMVS

128 469 249 545 Postid,
264 469 416 529 frumenti
431 489 525 547 quom
538 469 615 530 alibi
630 469 742 529 messis
757 469 944 543 mdxumast,

128 567 225 626 'sribu
256 567 356 626 tantis
370 566 419 625 illi
434 565 537 626 miuus
553 566 635 626 redit
649 585 743 643 quam
759 565 926 626 obseueris.

157 682 189 722 H.
231 664 291 722 Em
306 662 378 724 istic
393 668 516 740 oportet
531 663 634 722 obsoni
648 661 749 723 mores
765 660 873 737 malos,

130 759 165 818 Si
178 759 211 819 in
226 747 399 820 disserendo
411 760 533 837 pdssint
548 758 714 820 interfieri.

130 857 180 916 Sa.
222 857 335 933 Neque
350 855 498 934 umquam
513 856 722 933 quisquamst,
733 856 845 933 qudius
858 854 926 914 lllio
940 854 1015 931 ager
1028 854 1102 933 fuit,

128 952 212 1024 Quin
226 953 370 1031 pessume
385 953 414 1012 ei
428 971 478 1012 res
492 953 640 1012 udrterit:
664 950 792 1030 quoidm
806 951 871 1011 fuit
1085 1032 1087 1037 Ι

129 1048 195 1108 Alii
210 1048 369 1110 exulatum
386 1049 539 1123 abierunt,
556 1048 611 1108 alii
626 1049 768 1124 emortui,
1194 1066 1238 1114 53⁵

128 1144 197 1204 Alil
211 1165 244 1206 se
259 1146 457 1223 suspendere.
501 1146 560 1204 Em
576 1164 658 1205 nuuc
672 1144 733 1218 hio,
749 1145 861 1223 quoius
875 1152 933 1220 est,

128 1243 173 1302 Vt
187 1242 227 1302 ad
241 1241 354 1302 inuitas
369 1243 547 1302 reddatust!
609 1243 669 1302 PH.
711 1243 821 1320 Apage
835 1261 854 1302 a
868 1262 918 1302 me
932 1242 1027 1303 istum
1043 1261 1149 1318 agrum
1164 1244 1171 1302 l

130 1339 181 1401 Su.
222 1339 325 1416 Magis
342 1340 473 1417 ‘apage'
489 1339 585 1415 dicas,
602 1339 629 1400 si
644 1339 749 1400 omnia
762 1358 781 1398 a
794 1358 844 1397 me
858 1338 1027 1398 audineris.

127 1437 211 1496 Nam
225 1435 398 1512 fdlgnritae
413 1435 487 1496 seint
502 1437 641 1498 alternae
659 1435 664 1518 Ι
696 1437 839 1497 arbores:

129 1533 207 1593 Sues
222 1533 398 1594 moriuntur
413 1532 551 1616 angina}
582 1534 757 1594 acerrume:
1193 1548 1239 1595 ⁵40

127 1630 212 1691 Oues
227 1630 353 1690 scabrae
367 1635 450 1706 snut,
465 1631 528 1690 tam
546 1631 681 1706 glabrae,
696 1649 755 1705 em,
770 1649 865 1707 qnam
879 1630 955 1691 haee
970 1631 1018 1690 est
1032 1649 1152 1705 manus,

128 1728 209 1786 Tum
223 1728 327 1787 autdm
345 1727 502 1803 Surorum,
518 1728 615 1803 genus
631 1728 714 1805 quod
729 1725 1037 1805 patientissumumst

127 1823 310 1898 Hominum,
326 1809 417 1884 nemo
432 1830 536 1885 exstat
551 1824 606 1902 qui
621 1823 665 1883 ibi
680 1843 735 1885 sex
750 1843 872 1884 menses
885 1821 1019 1883 uixerit:

127 1920 181 1980 Ita
194 1918 299 1980 educti
314 1920 477 1982 solstitiali
492 1922 600 1981 morbo
614 1921 778 1980 decidunt

127 2017 189 2076 Pu.
231 2017 332 2078 Credo
356 2018 413 2095 ego
448 2023 540 2095 istuc,
570 2017 713 2093 Stasdme,
741 2017 789 2078 ita
816 2017 902 2078 esse:
932 2017 989 2078 sed
1024 2017 1180 2095 Campans

1081 2133 1180 2190 genus
1193 2135 1237 2184 545

127 2211 231 2271 Multo
246 2211 393 2273 Surorum
407 2212 471 2272 iam
485 2211 603 2274 antidit
617 2211 779 2290 patientia.

129 2307 190 2367 Sed
204 2309 298 2369 istest
313 2327 385 2384 eger
400 2310 551 2388 profecto,
567 2313 603 2368 ut
617 2316 649 2369 te
664 2308 773 2368 audiui
787 2308 883 2386 loqui,

127 2403 230 2465 Malos
244 2404 278 2464 in
293 2425 384 2482 quem
400 2425 507 2466 omnes
518 2404 643 2484 piiblioe
657 2394 743 2466 mitti
756 2405 854 2466 deoet.

7 2563 8 2576 ἦ
128 2498 217 2561 Siout
230 2502 463 2562 fortunatorum
478 2509 652 2563 memorant
666 2502 795 2578 insulas,

126 2597 194 2668 Quo
208 2597 312 2658 educti
327 2598 382 2678 qui
396 2605 528 2659 aetatem
547 2600 669 2675 egerint
683 2601 767 2660 caste
783 2618 871 2660 suam

127 2692 343 2761 Conuenient:
366 2703 474 2756 contra
488 2697 566 2757 istoc
582 2695 708 2756 detrudi
724 2695 880 2757 maleficos

127 2791 269 2870 Aequ6m
284 2793 419 2868 uidetur,
436 2792 631 2872 quiquidem
647 2792 740 2853 istius
755 2793 797 2852 sit
811 2793 905 2852 modi.

127 2890 177 2948 Su.
222 2888 409 2968 Hospitium
423 2897 470 2959 est
484 2890 687 2950 calamitatis:
712 2890 789 2966 quid
805 2889 908 2949 uerbis
923 2892 1042 2968 opust?

126 2985 277 3056 Quamuis
293 2986 408 3046 malam
422 3006 488 3046 rem
503 2988 643 3064 quaeras,
660 2985 887 3162 illio'reperias.

762 3084 813 3143 Su.
855 3082 938 3143 (lane
953 3083 996 3144 sis
1011 3082 1129 3144 dixeris
1191 3109 1235 3158 555

126 3180 179 3239 Me
194 3177 253 3240 uti
268 3180 387 3240 dixisse
401 3179 470 3241 hoo.
531 3181 594 3241 Pu.
635 3180 756 3240 Dixisti
772 3181 884 3240 arcano
897 3180 985 3242 satis.

127 3271 178 3335 Su.
223 3276 305 3347 Quin
320 3276 499 3354 hloquidem
515 3277 602 3355 eupit
616 3277 707 3336 illum
722 3278 760 3337 ab
777 3296 809 3336 ee
824 3276 1039 3354 abalienarien

127 3373 162 3432 si
176 3373 267 3449 quem
283 3373 420 3451 reperire
435 3375 542 3450 possit,
559 3373 645 3450 quoii
659 3391 694 3432 os
710 3373 862 3454 siiblinpt4

125 3468 188 3529 Pu.
229 3469 320 3530 Meus
340 3467 469 3547 quidem
490 3469 595 3531 hercle
616 3488 786 3548 numquam
801 3469 870 3532 fiet.
930 3470 982 3532 Se.
1026 3471 1058 3532 si
1074 3470 1178 3548 sapies

773 3569 776 3576 ⁴
1041 3568 1177 3645 quidem.

1348 2977 1353 3030 l
