2720 3994
456 297 593 348 rcavrr
615 295 836 349 ramvuuvs
1129 283 1169 350 31
1274 361 1280 369 ,

71 471 75 484 “
119 468 175 529 Sin
189 469 281 530 aliter
295 468 452 530 animatus
467 469 646 546 es‚-bene
661 469 744 546 quod
758 487 832 545 agas
846 449 1164 626 eueniaW
1182 491 1225 541 ⁷15

117 550 186 643 Ego
200 565 319 626 amicus
334 566 504 644 numquam
519 565 580 627 tibi
594 584 647 626 ero
662 565 725 626 alio
738 565 847 645 pacto:
871 565 915 627 sio
935 571 1005 627 sent
1024 585 1045 626 n
1073 585 1092 627 a
1110 571 1167 626 ost

777 662 976 742 [Lesbonicus
988 681 1087 724 moces
1101 664 1167 744 off]

119 760 168 821 sn.
211 744 370 822 Auritina
389 759 524 838 quaem.
570 759 663 840 [aar
680 761 887 842 carasca]
930 743 1053 838 nequa
1067 760 1169 836 audis,

198 855 380 938 Lysiteles?
422 858 490 932 Ego
504 857 630 917 leucio.
878 856 971 937 [Erit
993 857 1165 938 Lysiteles]

119 952 181 1013 Hic
206 972 328 1032 quoque
356 952 430 1015 hlnc
458 952 545 1014 abiit.
589 953 735 1030 Stasime,
757 959 858 1016 restas
883 954 984 1017 solus:
1007 953 1084 1032 quid
1112 972 1169 1031 ego

982 1049 1064 1111 minc
1079 1069 1169 1126 agam

117 1145 191 1207 Nisi
219 1146 268 1207 uti
302 1146 457 1208 sarcinam
490 1147 704 1225 constringam
735 1153 768 1209 et
800 1146 937 1226 clipeum
970 1147 1011 1208 ad
1042 1148 1170 1208 dorsum

932 1245 1168 1320 accommodem,

118 1339 300 1402 Fulmentas
315 1340 439 1402 iubeam
453 1342 601 1420 suppingi
617 1342 744 1404 soccis?
784 1343 859 1403 Non
873 1341 945 1402 sisti
958 1346 1070 1419 potest.
1181 1362 1227 1406 72⁰

117 1436 217 1498 Video
232 1437 370 1498 caculam
385 1437 555 1499 militarem
570 1439 620 1499 me
634 1440 777 1498 futurum
792 1438 877 1499 haud
892 1437 1023 1514 longius.

117 1516 174 1595 Ᾱᾱ
188 1534 326 1612 aliquem
340 1553 443 1611 regem
458 1534 493 1594 in
507 1535 647 1611 saginam
662 1555 733 1596 erus
748 1535 816 1596 sese
831 1535 964 1596 coniciet
978 1553 1082 1611 mens;

118 1631 217 1693 credo
232 1631 272 1691 ad
286 1651 423 1692 summos
437 1631 604 1692 bellatores
619 1632 721 1692 aorem
731 1632 950 1707 -fugitorem
964 1632 1040 1707 fore,

117 1711 162 1788 Et
175 1734 338 1806 capturum
355 1728 455 1806 spolia
470 1728 660 1788 ibi-illum
676 1713 732 1806 qui
745 1746 798 1788 ero
812 1729 963 1789 aduorsns
978 1727 1108 1788 uenerit.

116 1808 252 1901 Egomet
282 1830 388 1884 autem
415 1842 511 1902 quom
542 1823 702 1902 extemplo
734 1842 839 1884 arcum
868 1829 900 1884 et
928 1824 1109 1903 pharetram
1137 1829 1169 1884 et

851 1927 983 1998 sagittas
998 1919 1167 1999 scripsero,
1181 1940 1224 1988 725

117 2019 278 2080 cassidem
292 2018 326 2078 in
339 2017 442 2098 caput,
452 2018 642 2079 -dormibo
656 2017 779 2097 placide
797 2017 802 2100 Ι
820 2017 854 2078 in
868 2017 1076 2078 tabernaculo.

116 2099 173 2176 Ᾰᾱ
186 2116 290 2175 forum
305 2116 372 2178 ibo:
395 2099 510 2176 nudius
526 2122 634 2176 sextus
649 2114 724 2193 quoi
738 2115 893 2176 talentum
908 2113 1057 2175 mr'rtuom.

117 2212 208 2288 Dedi,
223 2228 394 2290 reposcam,
409 2218 445 2272 ut
458 2213 589 2272 habeam
605 2231 725 2272 mecum
740 2211 824 2290 quod
835 2211 935 2272 feram
950 2211 1108 2272 uiaticum.

1049 2307 1167 2389 [nara]

543 2416 550 2432 ³
577 2442 676 2499 Souna
695 2443 712 2497 3

397 2600 654 2660 Mucanourons.
700 2600 881 2660 Casmenas

120 2746 235 2826 [Ecler
261 2748 476 2826 Megaronides
500 2750 562 2807 aad
594 2747 738 2822 Callicles,
760 2750 848 2823 from
876 2748 922 2805 lle
950 2748 1040 2804 house
1064 2748 1103 2820 of
1123 2747 1170 2804 tle

564 2845 708 2926 solocem]

116 2992 181 3051 Mn.
223 2991 268 3053 Vt
281 2989 361 3050 mihi
375 3009 440 3050 rem
455 3009 572 3065 narras,
587 2988 742 3066 callicles,
757 2990 844 3050 nullo
859 2989 950 3048 modo

116 3088 227 3147 Potest
240 3087 313 3147 fieri
328 3105 440 3165 prosus
454 3087 529 3164 quin
545 3088 601 3147 dos
616 3088 709 3146 detur
721 3086 846 3162 uirgini.
1182 3107 1227 3153 730

117 3183 174 3244 cn.
217 3185 363 3262 Namque
377 3183 481 3243 hercle
494 3183 625 3244 honeste
640 3182 713 3242 fieri
728 3183 827 3242 ferme
841 3184 903 3242 n6n
917 3185 1030 3260 potest,

70 3277 77 3306 s
116 3283 161 3342 Vt
175 3281 244 3341 eam
259 3281 417 3359 perpetiar
431 3278 475 3338 ire
491 3280 523 3338 in
539 3279 773 3340 matrimonium

117 3377 192 3438 Sine
207 3377 289 3452 dote,
304 3396 398 3454 quom
413 3375 480 3436 eius
495 3378 560 3435 rem
575 3394 669 3453 pones
685 3395 734 3436 me
748 3376 879 3436 habeam
894 3375 987 3435 domi.

115 3477 180 3534 Mn.
223 3474 341 3534 Parata
354 3473 410 3533 dos
425 3471 557 3548 domist3
579 3473 641 3532 nisi
657 3473 836 3550 exspectare
849 3471 908 3547 uis,

116 3572 160 3631 Vt
175 3571 243 3631 eam
258 3570 325 3630 sine
339 3569 412 3628 dote
427 3568 525 3627 frater
539 3562 673 3647 nuptum
686 3569 834 3629 conlocet.
